1204 1565
52 89 91 108 1⁵3

52 133 108 154 lieni,
122 132 153 156 qni
165 132 238 149 invento
249 129 347 153 cathalogo
359 131 381 148 de
392 130 435 154 ipsis
446 130 552 148 interficien-

52 159 91 180 dis,
104 158 154 181 prius
161 163 201 175 eum
208 157 325 175 sustulerunt.

107 183 133 201 Ac
145 183 165 200 in
176 188 239 205 genere
251 180 336 199 hactenns
346 181 413 199 dictum
423 181 452 199 'est
462 182 484 199 de
492 181 552 199 desen-

53 210 115 230 sione,
135 214 188 232 quam
203 208 256 225 etiam
272 207 351 230 privatae
367 212 453 230 personae
467 211 553 225 exercent.

53 236 96 253 Non
106 235 154 252 enim
165 233 240 251 dubium
253 236 279 250 est
290 232 364 250 cuilibet
373 231 443 250 homini
453 238 552 250 concessam

53 267 91 279 esse
100 259 221 278 defensionem
232 258 259 276 sui
267 258 355 281 corporis,
368 258 448 280 coniugis
458 261 475 276 et
485 258 553 276 libem-

52 293 104 307 rum,
121 286 205 303 adversus
220 284 331 301 manifestam
345 287 362 301 et
374 287 452 309 atrocem
462 283 552 303 iniuriam,

53 319 84 330 seu
93 318 104 329 a
112 310 193 334 paribus,
204 315 251 328 seua
258 309 380 332 superioribus
388 309 461 327 illatam.
486 308 511 326 Et
523 309 552 326 in-

52 337 178 360 dignissimum
192 338 218 353 est
231 335 270 352 viro
283 334 303 352 in
317 340 337 352 eo
350 340 392 352 casu
408 340 445 352 non
458 335 551 352 ostendere

52 369 106 381 sunm
116 362 205 381 dolorem,
218 366 258 378 eum
266 360 358 377 videamus
369 366 431 377 onmes
440 360 506 377 bestias
515 360 551 377 imo

52 393 71 407 et
78 388 153 411 gallinas
159 392 192 409 pro
201 386 247 403 natis
253 391 338 409 pugnare.
363 384 389 403 Et
395 385 478 403 Herculis
485 385 551 403 liberos

53 415 100 432 iuste
109 412 188 431 defendit
200 412 284 429 adversus
296 411 390 428 dominum
401 414 475 434 patruus
486 410 551 429 Iolaus.

52 440 106 458 Hane
113 435 194 462 στοργήν
203 435 296 455 hominum
303 437 358 454 menti
363 436 411 454 Deus
421 436 519 459 impressit,
531 440 551 454 ut

53 464 140 483 monitrix
146 463 169 481 sit
173 463 258 480 deamore
264 462 320 485 ipsius
326 468 367 485 erga
375 462 432 479 filium
441 465 459 480 et
465 468 505 484 erga
514 468 551 479 nos.

51 491 116 509 Postea
123 489 176 507 etiam
184 488 205 506 de
216 488 295 511 imperiis
304 487 340 505 diei
349 490 416 510 potest,
428 488 474 511 quae
482 487 550 505 etiamsi

52 517 92 535 aliis
103 515 182 533 subiecta
189 516 231 531 sunt
239 517 284 531 certa
293 513 405 535 conditione,
416 516 475 531 tamen
483 511 551 531 habent

51 548 102 560 suam
118 539 259 558 iurisdietionem
274 542 292 556 et
306 538 479 557 administrationem
490 539 551 561 gladii,
570 541 572 543 ’

51 572 73 586 ut
83 566 173 590 principes
187 568 234 582 certa
248 564 351 582 conditione
363 564 442 582 subiecti·
450 567 492 582 sunt
504 564 550 587 regi-

50 594 90 611 bus.
102 589 106 604 ἶ
114 591 159 609 Cum
167 593 224 608 autem
233 589 313 613 politicas
320 589 441 608 ordinationes
449 595 550 612 congruen-

50 623 78 637 tes
92 617 158 637 rationi
172 615 258 639 approbat
267 614 326 636 Deus,
346 615 459 632 manifestum
470 618 504 637 est,
520 613 549 632 his

50 649 122 668 quoque
134 641 256 660 defensionem
268 640 350 662 concedi,
366 640 415 658 iuxta
429 640 508 663 ipsorum
517 646 550 663 pa—

50 674 85 688 cta.
111 667 153 687 Ideo
164 667 182 684 in
195 667 234 684 iure
244 666 299 683 mulla
307 666 330 683 de
338 666 403 683 mutuis
410 665 549 688 obligationibus

49 694 120 713 domini
131 697 148 711 et
157 692 234 713 vasalli,
247 695 267 709 ut
278 694 351 711 vocant,
364 691 430 709 tradita
440 694 490 711 sunt,
503 697 548 715 quae

49 726 92 739 vera
104 717 149 739 si'nt,
162 718 192 736 sed
203 717 242 738 illa,
255 722 300 740 quae
312 722 365 740 supra
377 717 463 737 diximus,
476 722 497 734 ex
510 717 548 739 lege

49 749 123 765 naturae
130 746 199 766 sumpta
204 757 209 764 ‚
221 742 319 760 illustriora
327 745 344 760 et
352 742 452 760 indubitata
459 745 507 759 sunt.

100 769 154 789 Addo
163 773 222 787 tamen
229 771 246 786 et
254 767 300 785 hanc
309 768 420 786 manifestam
427 767 515 790 regulam,
527 770 548 785 ut

48 797 104 815 iudex
111 795 186 814 inferior
193 794 239 812 iuste
246 793 273 811 uti
284 793 407 811 iurisdictione
415 799 446 811 sua
453 793 514 813 debet,
527 796 548 810 ut

48 823 116 841 iudices
128 820 200 844 oppidi,
213 820 232 836 in
240 825 275 842 quo
286 822 324 836 erat
330 817 403 836 Naboth
414 819 459 837 inste
466 824 547 841 pronun—

47 849 94 867 tiare
102 847 191 865 debebant
202 848 218 862 et
226 844 310 862 scelerate
318 844 407 865 fecerunt,
419 850 451 862 sua
459 843 546 861 sententia

47 873 149 896 iugulantes
160 869 232 889 Naboth
242 870 261 887 in
273 869 351 892 graciam
360 870 416 892 regis,
432 870 457 887 ita
468 869 547 892 gladium

47 904 122 922 gerens,
130 898 175 915 iuste
182 896 208 914 uti
217 895 275 918 gladio
281 895 334 913 debet
342 895 365 912 ad
375 895 496 913 defensionem
504 900 547 912 suo-

46 930 88 943 rum
94 937 99 945 ,
112 929 144 941 nee
150 922 174 940 sit
181 921 286 939 administer
292 920 361 938 alienae
368 920 488 941 crudelitatis,
500 920 546 937 sient

46 948 109 969 Doech
118 948 190 967 adiuvat
197 946 275 965 Saulem.
295 945 356 968 Quare
363 949 380 964 et
386 944 478 963 Michaeas
484 945 547 963 obiur-

47 978 77 999 gat
86 980 135 997 reges
146 977 163 991 et
173 972 240 990 iudices
248 971 366 989 colludentes:
379 971 462 994 princeps
470 971 547 994 postulat

45 1005 65 1019 et
72 1000 126 1018 iudex
133 998 233 1017 assentitur.
260 996 285 1015 Et
292 996 367 1014 Traiani
378 1002 412 1014 vox
419 997 480 1014 dextre
491 996 545 1014 intel-

45 1027 92 1045 lect·
103 1024 185 1047 congruit
195 1028 236 1041 eum
250 1021 282 1040 hac
292 1022 363 1045 regula,
383 1022 415 1046 qui
426 1022 496 1040 tradens
508 1021 546 1047 gla-

45 1052 97 1071 dium
106 1050 189 1073 magistro
201 1048 281 1072 equitum
291 1048 360 1071 iuquit.
372 1048 387 1065 si
394 1048 440 1065 iusta
447 1047 545 1070 imperabo,

59 1084 80 1095 ro
87 1082 116 1094 me
122 1075 178 1094 utaris
186 1074 255 1097 gladio,
268 1073 283 1091 si
290 1073 366 1095 iniusta,
378 1077 440 1091 contra
447 1079 476 1090 me
484 1072 545 1093 utaris,

44 1102 130 1121 videlicet
142 1101 161 1118 in
173 1099 275 1118 defensione
287 1099 356 1122 proprii
371 1099 399 1116 sui
410 1098 498 1121 eorporis,
514 1101 545 1116 aut

45 1129 128 1147 eorum(
141 1132 217 1150 quorum
233 1124 266 1142 tihi
282 1124 404 1142 commendata
417 1127 444 1141 est
459 1123 544 1142 defensio.

44 1154 88 1172 Non
98 1153 145 1170 enim
157 1150 238 1169 concedit
250 1150 266 1167 ei
277 1153 380 1173 potestatem
392 1150 412 1168 iu
422 1149 463 1167 aliis
470 1149 544 1172 privatis

44 1178 117 1197 delictis
124 1178 144 1195 in
152 1183 191 1195 eum
200 1174 257 1200 [ise]
268 1175 427 1193 animadvertendi.
445 1174 485 1192 Rex
493 1180 544 1192 man-

43 1206 90 1223 dans
101 1203 155 1221 alicui
165 1201 268 1220 inferiorem
276 1201 407 1223 magistratum,
419 1200 458 1218 sine
466 1200 503 1217 ulla
509 1200 544 1218 du—

42 1230 132 1248 bitatione
140 1228 213 1246 mandat
220 1227 237 1244 ei
243 1226 364 1244 defensionem
372 1231 452 1246 suorum,
459 1225 505 1243 sicut
511 1231 544 1248 pa-

43 1256 68 1274 tri
76 1255 174 1273 liberorum
183 1252 262 1270 defensio
270 1251 353 1269 mandata
361 1255 391 1270 est.
408 1250 451 1269 Ideo
458 1251 543 1268 adversus

43 1280 155 1299 manifestam
164 1282 181 1297 et
188 1282 265 1296 atrocem
272 1277 357 1295 iniuriam
365 1276 411 1295 tueri
419 1282 461 1294 snos
468 1276 526 1294 debet·

93 1306 144 1324 Sieut
154 1305 173 1322 in
185 1303 285 1321 foederibus
293 1308 362 1325 semper
370 1306 452 1325 exceptus
459 1305 485 1320 est
492 1307 542 1319 casus

41 1331 151 1350 necessariae
164 1328 283 1348 defensionis,
298 1327 368 1346 etiamsi
377 1328 429 1346 nulla
441 1328 479 1345 eius
491 1333 541 1345 casus

40 1358 87 1375 facta
98 1356 122 1374 sit
132 1355 210 1376 mentio,
222 1354 263 1378 quia
271 1356 345 1371 naturae
353 1359 387 1370 vox
394 1356 454 1371 manet
461 1353 541 1374 immota,

40 1383 67 1401 ita
79 1383 98 1400 iu
110 1380 143 1399 hae
152 1381 201 1399 eivili
212 1379 322 1397 subiectione
330 1378 441 1402 intelligatur
447 1384 497 1396 casus
507 1384 539 1396 ne-

336 86 560 110 :EPISTOLARUM
589 87 643 107 LlB.
659 87 683 106 X.

710 88 719 106 1
725 86 777 107 6⁴6.
1040 88 1077 107 154

577 130 661 149 tessariae
669 130 777 148 defensionis
785 134 873 154 exceptus.
898 131 944 150 Nam
956 132 1076 149 iuramentum

577 162 613 173 non
624 156 684 174 minus
696 156 763 179 obligat
774 157 882 179 foederatos,
897 163 950 181 qnam
962 158 1006 175 ordo
1018 157 1075 180 impe-

577 181 644 199 riorum
653 182 719 204 obligat
727 182 824 201 inferiores.

626 206 685 225 Multa
695 207 750 230 igitur
760 208 839 231 exempla
848 208 972 225 defensionum
982 208 1028 226 iusta
1036 208 1074 226 col-

576 232 606 255 ligi
619 236 701 255 possunt;
718 236 737 251 ut
751 239 859 257 quamquam
871 232 955 251 Thebani
969 237 1019 252 erant
1029 234 1073 251 socii
1098 231 1102 234 ”

575 257 765 279 Lacedaemoniorum,
777 262 837 276 tamen
846 259 956 282 recipiebant
962 263 979 277 et
988 260 1073 277 iuvabant

575 282 693 301 Athenienses
712 287 773 301 contra
792 284 870 302 edictum
884 284 1073 306 Lacedaemoniorum,

575 315 615 326 cum
627 309 699 331 triginta
711 309 793 333 Tyranni
804 310 895 328 manifesta
907 310 992 328 violentia
1004 316 1073 333 grassa-

574 338 646 355 rentur,
671 340 715 358 quus
731 334 868 352 Lacedaemonii
885 336 970 357 nolebant
986 336 1072 354 defensos.

574 359 608 377 Hie
616 359 699 377 Thebani
710 360 800 378 decretum
810 360 898 382 fecerunt,
911 367 929 378 se
940 367 1002 379 omnes
1012 365 1071 385 portas

573 389 590 403 et
602 391 664 403 omnes
671 386 734 403 domus
745 386 764 403 in
772 385 845 403 Boeotia
853 385 993 404 Atheniensibus
1006 387 1071 409 patefa—

573 417 617 428 cere.
644 410 682 428 imo
689 417 719 428 rex
723 410 821 429 Laconicus
826 409 941 433 Pausanias,
952 418 992 429 eum
1000 418 1072 429 accusa-

574 439 602 454 tus
614 437 659 454 esset
671 440 772 459 propterea,
784 437 832 460 quod
844 443 880 454 non
893 437 989 455 adiuvisset
998 438 1071 460 triginta

574 461 678 485 Tyrannus,
689 465 710 479 ut
714 460 783 484 Ephori
792 462 916 484 decreverant,
929 468 979 485 pares
986 463 1027 480 tulit
1035 463 1071 480 eal-

573 487 631 508 eulos,
645 487 686 510 quia
698 487 732 510 ipsi
745 487 811 505 iudices
822 492 922 509 senserant,
934 488 1018 506 iniustam
1029 494 1071 506 eru-

573 512 663 530 delitatem
671 518 708 530 non
716 512 770 530 fuisse
778 513 903 532 adiuvandam.

624 537 654 556 Sic
662 542 680 556 et
687 537 814 556 Constantinus
821 539 888 557 iustum
896 539 963 557 bellum
972 539 1028 557 movit
1038 539 1071 557 ad-

572 569 634 581 versus
641 563 732 581 Licinium
742 564 827 586 collegam
841 568 859 582 et
868 565 940 582 affinem
947 565 1018 582 foedere
1026 571 1070 582 cou-

573 589 658 612 iunctum.
687 588 733 607 Cum
745 589 793 607 enim
801 589 882 607 Licinius
892 596 929 608 non
941 590 1007 608 faceret
1016 590 1070 607 finem

572 614 655 632 saevitiae
662 613 861 633 adversusChristianos
869 619 886 633 et
893 615 982 633 Ecclesiae
991 619 1070 638 peterent

571 645 581 657 a
589 638 707 657 Constantino
719 640 849 662 defensionem,
861 640 990 659 Constantinus
1001 641 1071 664 petivit,

570 668 591 682 ut
598 663 704 682 Christiania
715 668 799 688 parceret.
825 665 879 688 Quod
893 672 934 684 cum
945 667 1001 684 facere
1009 666 1071 688 nollet,

571 690 625 708 armis
632 696 662 708 eos
669 691 718 709 texit.
731 690 780 708 Haec
786 691 865 709 defensio
873 691 918 709 iusta
926 692 960 709 fuit
968 692 1016 709 iuxta
1024 692 1070 709 illud

570 715 624 734 Rom.
632 715 691 734 Xlll.:
704 715 818 738 Magistratus
827 716 856 734 dei
863 717 954 738 minister,
966 717 1031 735 vindex
1038 720 1070 737 est,

570 744 590 758 ut
597 741 661 764 puniat
667 741 812 760 malefacientem.
831 741 856 760 Ita
865 745 939 765 possunt
946 743 1003 760 multa
1010 749 1069 760 exem-

570 767 599 790 pla
607 770 665 785 vetera
675 767 750 785 recitari.

622 792 718 810 Alexandri
724 791 798 810 Pheraei
806 793 825 810 in
830 791 923 811 Thessalia
931 797 979 811 tanta
985 793 1020 811 suit
1028 800 1069 811 cru-

570 817 642 839 delitas,
655 821 676 836 ut
687 817 768 835 homines
779 818 858 836 insueret
867 819 886 836 in
893 819 948 842 pelles
956 825 1038 836 ursorum
1046 823 1069 837 -et

570 849 653 866 aprorum
670 847 688 861 et
700 849 752 861 cannes
767 843 848 861 incitaret
860 845 883 862 ad
895 850 926 861 eos
936 844 1068 866 dilacerando„

570 868 611 886 item
627 872 648 886 ut
662 869 712 886 vivos
723 869 827 888 deroderet*
849 868 904 887 l-luue
915 873 976 893 postea
988 870 1069 892 coniugis

568 894 631 912 fratrea
640 894 776 914 interfecerunt,
790 901 829 912 eum
837 900 917 913 sororem
924 899 941 913 et
948 896 1020 913 fratrem
1030 902 1068 913 ma-

568 919 609 942 gnis
616 920 729 937 contumeliis
736 920 828 939 affecisset<
845 920 870 938 Hi
877 921 924 938 iuste
931 921 1009 938 fecerunt
1015 934 1020 942 ,
1028 927 1068 938 tum

569 945 669 963 liberarunt
687 951 697 962 a
710 945 782 963 saevitia
793 951 882 967 sororem,
903 946 975 963 fratrem
987 950 1004 964 et
1015 946 1068 965 cives.

568 970 630 988 Postea
643 976 683 988 cum
697 974 715 988 et
726 971 789 988 fratres
800 970 838 992 illi,
855 974 941 994 occupato
950 971 1035 994 imperio,
1048 972 1068 989 in

568 994 661 1013 Thessalia
673 996 795 1014 crudelitatem
807 1000 917 1018 exercerent,
930 997 975 1014 inste
987 997 1067 1015 fecerunt

568 1020 648 1038 Thessali
653 1034 658 1041 ,
664 1021 696 1045 qui
703 1022 832 1039 accersiverunt
836 1020 939 1045 Philippum
944 1022 1067 1042 Macedonem.

618 1046 648 1064 Sic
659 1046 765 1070 Syracusani
778 1047 824 1065 iuste
835 1051 949 1066 excusserunt
958 1047 1066 1072 Dionysium

567 1075 639 1095 propter
655 1072 777 1090 crudelitatem
791 1073 874 1090 accersito
888 1073 1007 1093 Timoleonte,
1036 1073 1066 1092 Sic

567 1097 645 1115 Helvetii
656 1098 701 1115 inste
712 1101 825 1116 excusserunt
837 1097 950 1120 Auni-lacos,
963 1099 1065 1122 inusitatam

567 1123 688 1141 crudelitatem
698 1127 803 1142 exercentes.

617 1148 666 1166 Haec
670 1154 715 1172 quae
719 1149 755 1166 dixi
760 1150 781 1166 de
787 1149 984 1171 iuredefensionienon
989 1150 1064 1168 dubium

567 1177 601 1195 est,
609 1180 650 1191 vera
658 1180 701 1192 esse.
718 1174 754 1192 Sed
760 1175 819 1192 videat
827 1175 959 1199 unusquisque,
969 1179 989 1193 ut
996 1176 1064 1199 prinei-

566 1199 612 1222 palis
616 1205 667 1217 causa
672 1200 799 1222 capiendorum
804 1206 895 1218 armorum
901 1201 925 1218 sit
931 1201 1025 1219 necessitas
1032 1202 1063 1219 de-

565 1225 657 1242 fensionis.
683 1224 728 1242 Nam
736 1224 818 1243 homines
824 1232 876 1249 saepe
883 1226 930 1243 odiis
938 1229 968 1244 aut
979 1227 1064 1245 avaritiae

566 1250 668 1273 praeferunt
677 1250 748 1268 titulum
756 1250 869 1269 defensionis.
887 1251 923 1269 Hie
929 1257 979 1269 suam
988 1252 1063 1276 quisque

565 1276 690 1293 conscientiam
699 1277 787 1299 exploret,
802 1282 834 1294 nec
842 1277 962 1295 condemnent
969 1277 1000 1295 alii
1007 1278 1063 1295 susci-

566 1301 642 1324 pientem
647 1301 776 1323 defensionen-4
786 1300 814 1319 his
818 1306 893 1324 constet,
899 1309 937 1320 non
942 1309 978 1320 esse
983 1309 1063 1321 necessa-

565 1327 608 1344 riam
614 1327 734 1344 defensionem
739 1331 756 1345 et
764 1327 832 1350 impelli
837 1334 877 1345 eum
883 1328 923 1346 aliis
930 1329 1062 1352 cupiditatibus.

613 1351 654 1370 Non
662 1353 725 1371 dubito
733 1352 862 1371 Thrasihulum
870 1354 916 1372 iuste
923 1354 984 1375 fecisse
993 1355 1062 1378 pellen-

563 1380 599 1395 tem
610 1378 682 1401 triginta
694 1378 798 1402 Tyrannus,
812 1379 844 1402 qui
855 1383 893 1397 tum
907 1383 958 1398 erant
970 1380 1061 1398 ordinaria
