1204 1565
133 98 167 116 151

133 141 197 165 probat
206 141 262 163 legem
274 143 291 157 et
303 138 433 162 magistratum,
448 140 469 155 ut
475 137 497 154 de'
507 136 545 159 lege
553 135 628 153 dicitur:

134 167 171 185 Lex
181 169 207 183 est
217 166 264 183 bona
275 164 354 188 legitime
361 163 424 182 utenti.
449 162 473 180 Et
480 165 546 180 certum
555 164 590 182 est,
604 161 631 178 le-

135 198 174 216 gem
190 195 263 209 naturae
279 191 341 208 lumen
357 195 394 207 esse
405 188 493 206 divinitus
505 187 598 205 conditum
612 186 631 203 in

134 221 193 236 mente
204 216 292 237 hominis,
308 219 408 238 congruens
420 219 460 231 cum
470 216 529 230 mente
541 212 602 229 divina
615 214 632 229 et

135 243 255 266 magistratum
270 247 307 259 esse
323 239 453 258 ordinationem
467 239 505 260 dei,
521 237 588 255 Paulus
601 243 632 254 ex-

134 274 193 292 presse
204 267 284 285 affirmat.
310 266 351 284 Non
363 266 416 288 igitur
423 264 498 282 dubium
510 267 536 281 est
542 262 632 281 Christia-

134 301 178 312 num
189 293 216 311 uti
227 298 279 315 posse
290 292 358 314 legibus
369 290 445 314 politicis
456 295 496 307 cnm
508 289 545 311 lege
557 292 631 306 naturae

135 318 282 342 congruentibus,
297 317 343 335 sieut
356 316 446 337 numeris,
461 315 511 336 cibo,
527 317 581 337 potu,
594 316 631 331 arte

134 345 212 365 medica,
222 342 365 361 Architectoniea
372 341 407 360 ‘uti
418 341 465 359 lieet.
491 339 560 357 Interea
572 343 631 357 tamen

133 371 190 393 fulget
202 369 220 386 in
231 368 284 386 corde
296 368 326 385 lux
338 368 360 385 de
367 367 411 385 Deo.
437 366 476 383 Imo
488 365 508 382 in
520 363 548 382 bis
555 364 631 382 externis

113 398 115 400 ’
134 395 234 414 actionibus
245 394 265 411 in
278 393 361 411 societate
374 391 432 413 civili,
445 391 484 408 vult
495 391 539 408 deus
555 389 632 407 exerceri

134 422 187 439 fidem
198 423 215 438 et
226 418 356 437 invocationem
367 421 385 436 et
398 417 435 435 vult
447 416 526 439 conspici
536 415 632 433 confessio-

134 453 174 465 nem
183 449 262 463 nostram
270 448 290 462 ut
298 444 328 461 alii
335 444 433 461 doceantur
440 445 458 460 et
465 441 545 465 exemplo
553 441 632 458 inviten-

134 476 173 493 tur,
188 471 228 489 vult
238 471 282 487 deus
297 473 315 487 et.
325 468 425 487 dilectionis
436 467 493 485 officia
509 466 595 486 exerceri,
612 469 633 484 ut

133 497 193 516 David
204 497 223 514 in
231 495 315 519 periculis
326 495 396 512 invocat
407 496 424 511 et
434 493 530 510 defendens
543 497 593 509 suam
602 497 632 508 ec-

134 523 205 542 clesiam
217 520 303 542 ostendit,
314 520 362 543 quod
374 524 429 542 genus
436 518 528 536 doctrinae
536 517 632 540 amplecta-

134 553 173 570 tur,
185 547 229 565 alios
235 547 296 566 docet,
309 545 374 563 invitat
384 549 402 563 et
412 544 510 562 coufirmat.
535 541 569 560 Est
579 546 597 560 et
604 542 632 559 di-

133 573 215 592 lectionis
222 571 309 593 officium,
321 571 370 595 quod
377 570 414 588 suis
424 568 516 587 laboribus
523 568 566 590 tegit
574 573 633 590 popu-

133 600 172 618 lum
181 598 218 619 dei,
231 597 343 618 Sacerdotes,
353 595 445 617 mulieres,
457 594 553 618 pueritiam
563 597 581 611 et
592 593 632 616 piae

133 624 224 643 doctrinae
231 622 295 640 studia.

184 649 233 667 Haec
241 653 295 670 opera
306 647 326 664 in
333 646 415 664 credente
422 644 547 669 placentum,
559 647 576 662 et
589 647 631 662 sunt

134 676 172 694 veri
179 675 237 693 cultus
244 672 283 691 Dei.

183 700 232 718 Haec
244 697 305 721 regula
317 696 387 720 cognita
398 698 415 713 et
425 698 472 713 recte
482 698 500 713 et
509 694 571 713 dextre
578 694 632 712 intel-

133 728 177 745 lecta
182 740 187 748 ,
199 725 267 743 multae
274 722 386 747 quaestiones
394 721 477 739 civilibus
484 720 547 738 officiis
554 720 630 737 iudicari

133 754 212 776 possunt.
237 749 265 767 Sit
276 749 331 771 igitur
341 746 384 765 haec
396 746 453 769 prima
463 745 559 764 conclusio.
584 744 631 763 Cum

134 777 213 796 defensio
219 780 260 794 vere
268 778 286 793 et
293 779 331 791 non
339 771 434 796 sophistice
441 771 530 789 intellecta
536 784 541 792 ,
554 770 577 788 sit
585 771 630 788 iuris

132 807 216 824 naturae,
232 806 269 819 non
283 799 359 817 dubim-n
375 801 409 819 est„
425 803 463 814 eam
476 799 577 815 concessam
594 802 631 814 esse

132 827 245 847 Christianis.
271 824 342 847 Quare,
353 823 369 841 si
378 829 431 847 quem
442 822 488 840 latro
500 821 520 839 in
531 822 560 839 via
569 821 630 839 adori-

133 859 174 875 tur,
187 853 228 870 licet
239 849 351 871 Christiano,
367 855 385 866 se
397 849 481 866 adversus
492 853 533 864 enm
543 847 589 868 tueri
593 859 599 868 ,
613 850 630 864 et

133 880 148 898 si
157 880 202 897 latro
214 878 234 895 in
240 882 264 894 ea
274 881 334 899 pugna
344 874 446 892 interfectus
452 872 517 894 fuerit,
528 872 570 890 fecit
576 871 630 890 Chri-

132 905 200 923 stianus
209 908 254 926 opus
262 901 329 919 iustum
339 903 356 918 et
363 904 471 917 concessum.
496 897 527 916 sic
539 898 562 915 de
572 901 630 921 patre-

132 930 209 949 familias
216 926 329 946 sentiendum
338 929 373 947 est,
384 924 489 942 defendente
496 923 579 945 domum,
587 929 630 941 con.

133 956 202 979 iugem,
213 954 285 972 liberos.

183 980 238 1003 Quod
248 984 289 996 vero
306 975 337 994 hic
349 974 446 999 opponitur
456 974 532 992 dictum:
558 973 579 992 Si
590 974 631 997 quis

133 1005 240 1031 percusserit
247 1007 264 1022 te
273 1002 292 1020 in
302 1002 390 1023 dextram,
397 1000 470 1018 obverte
477 1002 495 1017 et
502 999 583 1017 alteram:
593 999 631 1017 Re-

134 1032 221 1056 spondeo:
237 1029 305 1047 Totum
316 1027 361 1045 illud
373 1032 411 1049 cap.
417 1024 482 1043 Matth.
488 1024 510 1043 V.
518 1028 599 1048 oportere
606 1025 631 1042 sic

134 1057 209 1079 intelligi
214 1069 219 1076 ‚
228 1061 251 1072 ne
258 1053 328 1072 aboleat
332 1052 387 1070 vitam
395 1050 485 1074 politicam
492 1053 509 1068 et
517 1050 631 1068 manifestum

134 1087 169 1104 est,
182 1081 251 1100 nullam
260 1079 298 1097 lieri
312 1077 338 1095 ibi
349 1077 456 1095 mentionem
465 1075 589 1098 Magistratus,
600 1076 631 1093 sed

134 1110 227 1133 praecepta
234 1105 339 1124 traduntur,
351 1103 373 1120 ad
381 1101 491 1125 spiritualem
502 1104 520 1119 et
527 1100 631 1119 aethemam

135 1133 223 1152 iusticiam
232 1128 345 1154 pertinentia,
353 1128 436 1145 videlicet
443 1127 465 1144 de
471 1127 506 1144 fide
513 1130 530 1144 et
538 1127 631 1150 pacientia.

135 1160 156 1178 Si
168 1158 208 1182 quis
219 1160 237 1175 te
249 1154 334 1179 percutit,
349 1153 413 1171 toleres
424 1156 496 1176 propter
507 1152 567 1171 deum.
596 1152 631 1169 Hic

135 1191 173 1203 non
180 1186 236 1204 vetat,
248 1179 344 1205 quominus
351 1179 462 1202 magistratus
473 1178 525 1196 faeiat
532 1184 583 1195 suurn
591 1178 632 1195 offi-

136 1211 193 1230 cium,
210 1211 241 1226 aut
255 1210 275 1224 tn
291 1205 346 1223 utaris
360 1204 437 1227 legitima
450 1203 559 1221 defensione.
587 1202 632 1224 lmo,

135 1235 179 1254 alibi
190 1232 285 1257 praecipit,
299 1234 320 1249 ut
330 1230 442 1253 magistratus
451 1229 535 1247 defendat
545 1228 632 1246 innoeen-

136 1265 171 1281 tes,
184 1260 214 1277 sed
227 1258 242 1276 si
253 1256 364 1279 magistratus
375 1256 409 1273 erit
417 1255 518 1277 negligens,
530 1257 560 1271 aut
567 1254 631 1271 crude-

135 1288 167 1307 lis,
180 1289 200 1303 ut
207 1283 284 1302 Ecclesia
296 1282 400 1306 plerumque
408 1281 475 1298 tristem
483 1279 585 1297 servitutem
592 1285 632 1296 sus-

134 1313 189 1333 tinet,
201 1315 262 1328 rursus
274 1308 323 1326 iubet
330 1306 422 1328 Christus,
433 1309 453 1324 ut
465 1305 546 1323 obrectas
558 1308 576 1322 et
587 1305 631 1322 alte>

133 1344 172 1357 ram
178 1336 278 1356 maxillam,
290 1334 308 1352 id
316 1336 370 1351 estut
377 1331 422 1350 hane
430 1331 515 1349 iniuriam
524 1336 595 1354 quoque
604 1334 631 1348 to-

133 1365 178 1387 leres
189 1364 260 1386 propter
267 1360 337 1380 Deum,
349 1362 367 1376 et
378 1358 422 1375 scias
433 1360 451 1375 te
460 1359 533 1379 propter
541 1355 631 1373 calamita-

133 1393 169 1408 tem
180 1394 218 1407 non
229 1387 318 1405 abiectum
326 1389 363 1402 esse
370 1389 380 1401 a
388 1382 436 1404 Deo,
447 1382 492 1400 sicut
499 1381 545 1400 ratio
552 1380 630 1407 hnmana

422 91 645 115 ,EPISTOLARUM
669 92 721 112 LIB.
741 92 764 112 X.
791 91 856 111 1646.

1120 88 1151 107 1⁵2

657 136 733 156 iudicat.
746 134 828 153 homines
838 140 953 153 aerumnosos
963 140 999 152 non
1008 139 1044 152 esse
1051 132 1091 151 Deo
1100 139 1151 154 turae,

658 162 693 179 imo
706 160 744 179 Deo
755 161 822 178 invisos
832 166 873 178 esse.
900 159 926 178 lta
936 160 955 177 in
965 166 986 177 eo
997 160 1036 177 loco
1048 165 1086 177 non
1098 159 1151 176 solum

658 189 770 210 praeceptum
783 187 804 203 de
815 186 904 209 pacientia
916 186 1002 206 traditur,
1020 191 1065 208 quae
1076 190 1114 202 non
1124 190 1152 201 eb

658 212 715 230 cludit
725 211 804 229 officium
815 211 936 234 magistratus,
949 211 979 228 sed
993 211 1045 228 etiam
1057 209 1150 228 consolatio

659 237 773 261 proponitur,
786 243 820 260 qna
832 237 928 254 exercenda
938 240 964 254 est
974 236 1026 257 fides,
1037 241 1083 259 qnae
1095 236 1151 253 statuit

658 269 691 281 nos
702 263 786 287 etiampiu
793 263 883 280 aerumnis
894 262 959 285 respici
970 268 980 279 a
991 261 1039 283 Deo,
1052 262 1089 279 imo
1098 261 1151 279 Deum

657 289 695 306 fore
703 289 814 306 defensorem
821 287 950 311 orphanorum.

708 317 763 336 Aliud
773 318 840 335 dictum
849 321 874 335 est
882 317 936 335 Rom.
944 316 993 335 xm:
1007 316 1048 334 Non
1056 316 1150 334 iudicantes

658 343 779 366 vosmetipsos.
897 362 900 364 ⁴

707 372 747 390 Hoc
755 372 822 390 dictum
835 378 872 390 non
880 369 963 395 probibet
975 370 1053 389 officium
1060 370 1150 393 Magistra-

658 402 686 416 tus
699 402 716 416 et
730 398 807 415 officium
819 398 888 420 legibus
897 397 1009 418 ordinatum,
1024 397 1055 414 sed
1066 396 1149 419 privatam

658 424 764 445 vindictam,
777 422 811 441 hoc
823 427 857 444 est,
874 429 912 440 eam
926 428 979 446 quam
991 428 1028 440 non
1040 421 1150 444 Magistratus

658 453 725 467 exercet
737 449 783 472 ipse,
802 455 834 466 nec
846 449 893 471 leges
905 448 1010 471 approbant.
1039 446 1063 465 Et
1072 446 1119 464 aliud
1127 448 1150 463 est

658 475 708 499 loqui
716 475 738 492 de
747 474 835 494 vindicta,
849 474 866 491 id
877 477 911 494 est,
924 474 946 491 de
954 479 1010 496 poena
1018 476 1057 496 post
1064 471 1150 491 iniuriam,

658 501 706 518 aliud
714 500 736 517 de
745 499 856 520 defensione,
867 502 938 517 arcente
946 502 1022 516 atrocem
1031 498 1124 517 iniuriam,
1134 499 1150 513 ul

658 526 769 547 adolescens,
781 525 812 548 qui
825 525 913 542 interfecit
924 524 1016 542 tribunum
1028 524 1046 541 in
1059 523 1115 541 Marii
1124 528 1149 539 ca-

658 551 698 569 stris
710 551 805 568 defendens
815 550 931 573 pudiciciam,
948 556 989 567 vere
999 550 1083 567 defensor
1093 548 1126 566 suit
1135 550 1149 564 et

658 580 704 594 recte
712 576 761 597 fecit,
774 582 848 598 eumque
859 582 895 593 nnn
904 576 970 598 privata
978 575 1073 598 cupiditas,
1086 574 1115 591 sed
1125 573 1150 590 tex

658 602 733 620 armavit
743 602 790 625 ipsa,
810 608 855 625 qnae
870 601 888 618 in
900 601 931 618 tali
942 607 994 618 cansa
1004 600 1125 619 defensionem
1135 598 1149 615 ci

658 627 744 646 concedit.
773 626 834 649 Quare
847 630 862 644 et
874 626 944 644 Marius
956 627 1084 644 adolescentem
1096 623 1150 642 absol-

658 653 683 671 vit
696 653 746 676 eique
758 652 866 675 inspectante
878 652 954 669 exercitu
966 658 1050 669 coronam
1065 649 1150 673 imposuit.

657 685 697 696 cum
706 678 777 702 quidem
785 678 871 695 exercitus
880 680 928 695 totus
936 677 1029 696 manifesto
1037 677 1101 700 plausu
1108 674 1149 693 iudi-

657 704 705 721 cium
712 703 840 726 comprobaret.

708 732 762 755 Quod
769 736 828 751 autem
836 739 856 750 ea
865 732 944 750 defensio
954 736 971 750 et
978 731 1066 752 vindicta,
1076 736 1119 755 quae
1125 730 1148 747 le-

657 759 719 782 gitime
733 758 756 776 sit
771 764 803 781 per
814 758 935 781 magistratus,
953 761 984 775 aut
996 763 1040 781 quae
1052 757 1076 774 sit
1087 756 1148 780 legibus

656 784 803 805 concedentibus,
815 784 838 802 sit
846 789 890 807 opus
898 784 972 804 insturn.
985 789 1005 801 ex
1013 781 1047 800 hoc
1054 782 1104 800 fonte
1111 786 1148 799 ωη-

657 811 748 831 firmatur,
760 810 801 833 quia
811 809 860 827 Deus
870 810 957 833 approbat
963 808 1089 832 Magistratum
1100 811 1117 824 et
1126 806 1156 827 leq

656 841 695 858 gem
704 839 784 853 naturae.

707 864 763 883 Aliud
772 864 838 882 dictum
850 864 903 883 Rom.
910 863 961 887 xm,
986 863 1023 886 Qui
1034 862 1115 886 potestati
1124 867 1149 879 re-

657 890 711 912 sistit,
723 889 757 908 Dei
770 890 878 907 ordinationi
890 890 955 907 resistit
963 892 980 907 et
987 889 1073 906 iudicium
1083 888 1116 906 sibi
1123 893 1149 904 ac-

657 915 718 939 quirit.
746 915 795 933 Haec
806 915 893 933 sententis
904 915 997 938 praecipue
1008 914 1079 932 videtur
1091 911 1148 937 prol-ti-

657 942 699 959 bere
713 941 833 958 defensionem
848 943 910 958 eontra
923 940 1056 963 Magiam-xm
1073 939 1104 956 sed
1115 938 1148 961 ipsa

656 973 694 985 sese
701 966 784 984 declarat.
811 966 862 984 Vetat
872 966 920 983 enim
931 966 1011 983 resistere
1019 965 1039 983 in
1045 970 1087 982 casu
1099 964 1148 981 iustae

657 992 795 1013 iurisdictionis,
806 991 847 1014 quia
858 991 949 1013 manifeste
959 991 1028 1014 inquit,
1044 987 1149 1008 ordinationi

657 1017 691 1035 Dei
699 1017 769 1035 resistit.
794 1016 884 1034 Violentia
892 1020 951 1034 autem
958 1016 1034 1037 iniusta,
1046 1022 1083 1033 non
1091 1018 1116 1033 est
1122 1019 1148 1031 or—

657 1043 726 1061 dinatio
736 1042 780 1064 Dei,
791 1045 811 1060 nt
819 1041 912 1064 Thebani,
925 1048 965 1060 eum
976 1044 1090 1060 excusserunt
1099 1040 1148 1058 Laee-

657 1068 770 1089 daemonios,
781 1068 813 1091 qui
819 1068 912 1091 rapiebant
919 1068 984 1085 civium
993 1067 1076 1089 coniuges
1084 1069 1101 1084 et
1108 1066 1149 1083 libe-

657 1100 695 1115 ros,
708 1100 745 1111 non
756 1093 861 1111 resistebant
869 1093 979 1111 ordinationi
985 1092 1029 1114 Dei,
1042 1092 1072 1110 sed
1079 1090 1149 1112 manin<

657 1120 688 1138 stis
694 1119 786 1137 furoribus
794 1118 866 1136 Diaboli
874 1122 892 1137 et
899 1119 992 1136 manifesto
999 1118 1099 1136 latrocinio.

708 1152 775 1170 Modus
787 1155 845 1169 autern
857 1151 922 1175 aliquis
933 1155 950 1169 et
961 1155 1008 1169 meta
1019 1154 1065 1169 certa
1073 1150 1114 1169 huie
1121 1150 1149 1168 de-

657 1178 734 1195 fensioni
746 1177 865 1195 constituitur.
896 1177 920 1195 Ut
931 1177 978 1194 enirn
990 1177 1049 1200 aliqua
1059 1180 1148 1200 parentum

651 1201 703 1221 ‘vicia
715 1203 787 1221 serenda
800 1206 850 1224 sunt,
867 1202 891 1220 ita
902 1202 972 1226 aliquae
979 1203 1112 1224 magistratuum
1123 1201 1149 1218 in-

657 1229 713 1246 ius-iae
725 1229 772 1246 leves
786 1231 804 1245 et
815 1228 834 1245 in
847 1234 888 1245 casu
899 1228 982 1250 ambiguo
992 1228 1094 1246 tolerandae
1106 1230 1149 1245 sunt.

656 1254 692 1272 Sed
701 1254 810 1271 manifestam
819 1257 836 1270 et
842 1256 918 1271 atrocem
927 1253 1011 1270 iniuriam
1019 1253 1112 1277 depellere,
1124 1252 1149 1270 iu-

657 1284 703 1297 stum
717 1283 752 1300 est,
768 1279 810 1302 quia
820 1279 873 1296 talem
881 1279 1002 1296 defensionem
1014 1279 1041 1296 lex
1053 1283 1124 1297 naturae
1134 1280 1148 1294 et

656 1305 792 1328 Magistratuum
805 1304 852 1327 leges
863 1304 912 1327 ipsse
923 1305 1027 1322 concedunt.
1052 1304 1110 1328 Supra
1120 1309 1149 1321 su-

656 1334 692 1348 tem
700 1331 766 1348 dietum
775 1333 809 1351 est,
815 1336 852 1347 non
859 1330 927 1347 aboleri
936 1330 956 1347 in
960 1329 1057 1352 Evangelio
1066 1330 1112 1353 leges
1120 1334 1149 1346 na-

656 1360 706 1374 turae
713 1359 730 1373 et
738 1356 784 1378 leges
791 1355 926 1378 magistratuum
934 1361 974 1373 curn
982 1355 1021 1373 iure
1029 1359 1101 1373 naturae
1110 1360 1149 1372 cou-

656 1382 759 1403 sentientes,
776 1384 797 1399 ut
808 1381 853 1399 iuste
869 1381 949 1399 fecerunt
964 1381 1084 1399 interfectores
1095 1380 1148 1399 Aure-
