1204 1565
55 103 94 122 109

54 146 131 164 suetudo
143 145 233 164 Ecclesiae
243 150 317 170 usurpat
333 147 460 170 poenitentiam
474 153 507 170 pro
518 150 555 165 tota

54 171 181 193 conversione,
198 176 216 190 et
227 173 353 190 contritionem
365 176 433 196 partem
445 173 495 190 facit:
516 171 555 195 Ego

54 203 128 221 qunque
140 197 165 215 sic
178 197 247 216 locutus
259 204 304 217 sum.
335 197 382 220 Quia
398 198 474 216 libenter
488 198 556 216 retineo

55 223 130 241 usitata»
136 223 222 246 loquendi
230 224 301 242 formas.
327 222 351 241 Et
359 227 419 241 tamen
427 224 489 244 fateor,
502 222 556 244 Mihi,

55 254 98 266 tum
108 254 183 271 pavores
195 252 212 267 et
223 249 373 270 consolationem,
386 252 403 266 et
410 255 466 266 novae
474 248 520 266 vitae
527 249 556 266 in-

55 272 170 291 choationem
179 275 323 298 complectimur,
335 274 391 297 magis
402 275 471 297 placere
479 274 556 292 vocabu-

55 299 95 316 lum
107 300 237 321 conversionis,
254 306 290 323 quo
300 306 352 323 saepe
365 303 440 318 utuntur
450 298 556 322 Prophetae.

55 324 81 342 Et
88 325 169 342 videmus
176 324 275 348 Prophetas
282 329 328 343 recte
337 329 354 343 et
366 325 431 343 diserte
438 325 506 343 locutos
513 331 555 343 esse.

107 349 131 368 Et
142 350 161 367 in
173 357 211 368 mea
224 351 356 372 lucubratione,
373 351 402 368 cui
414 350 476 368 titulus
487 354 512 368 est
521 350 555 368 loci

55 374 162 398 Theologiei
171 379 213 398 ete..
233 382 313 399 expresse
326 379 397 394 testatus
406 377 458 397 sum,
470 382 499 393 me
508 376 555 393 nolle

55 402 79 419 de
86 401 173 419 vocabulo
182 402 246 423 rixari,
259 402 290 419 sed
299 400 333 419 hoc
341 402 467 424 praestandum
476 407 512 419 esse
518 415 523 422 ,
536 405 556 419 ut

55 432 84 444 res
92 427 199 444 necessariae
209 427 325 446 retineantur.
351 426 438 445 Monachi
446 427 554 445 mentionem

55 452 98 470 fidei
109 458 181 475 prorsus
192 453 299 474 omiserunt,
316 456 333 470 et
345 452 457 470 tradiderunt
469 453 523 476 impia
538 455 555 470 et

55 477 111 495 stulta
115 478 184 495 somnia
191 478 213 496 (le
219 478 312 496 sufficienti
320 478 433 498 contritione,
447 481 464 496 et
472 478 555 495 dixerunt

56 503 124 521 remitti
132 508 202 526 peccata
208 507 280 527 propter
287 504 403 521 sufficientem
410 503 542 522 contritionem.

108 528 154 546 Cum
162 529 217 551 igitur
224 530 246 547 de
251 529 319 552 integra
326 529 441 547 conversione
449 529 469 546 in
477 527 509 546 hac
517 535 554 546 ma-

55 554 100 572 teria
108 554 182 576 dicatur,
194 555 228 572 feci
234 555 343 572 mentionem
349 554 396 574 fidei,
408 560 461 578 quam
470 560 506 572 esse
515 560 555 577 par-

55 583 92 598 tem
101 579 179 602 integrae
187 580 308 598 conversionis
316 586 354 597 non
363 580 438 598 dubium
446 583 480 602 est,
497 583 514 598 et
521 580 554 597 feci

55 605 97 622 ideo
106 605 200 627 libentius,
218 609 238 623 ut
246 606 379 623 nomenclatura
387 605 438 629 quasi
452 611 555 623 common&

55 631 109 648 factio
118 634 173 652 esset,
185 637 208 648 ne
216 631 241 649 ibi
249 631 361 649 omitteretur
368 631 449 648 doctrina
456 631 478 648 dc
484 631 523 648 fide.

108 656 145 674 Nec
160 660 219 674 tamen
235 662 295 680 pugno
306 657 329 674 de
343 656 396 674 modo
407 656 505 680 loquendi,
522 662 554 674 nec

55 682 144 705 impedio,
162 688 197 706 quo
210 682 270 700 minus
282 682 313 700 alii
324 682 359 699 sint
370 682 426 704 magis
438 681 506 700 diserti.
534 681 554 700 Si

55 709 98 732 quis
114 708 153 725 aliis
170 707 229 725 verbis
245 711 275 725 aut
288 707 323 725 alia
334 707 430 730 partitione
440 707 510 725 mavult
519 707 554 728 uti,

54 734 110 751 modo
119 736 139 751 ut
145 739 241 751 consensus
249 733 271 751 de
280 733 333 751 rebus
340 733 443 750 necessariis
450 733 555 754 retineatur,

54 765 93 777 non
100 759 160 776 iudico
168 762 261 782 propterea
273 762 361 776 certamen
368 759 477 776 movendum
486 764 528 776 esse.

107 784 153 802 Amo
169 788 186 802 et
201 790 233 807 ego
245 788 313 802 rectum
322 790 433 805 sermonem,
450 787 467 802 et
483 784 553 804 assidue

53 810 143 828 vodseror
155 810 174 827 in
185 809 256 831 schola,
270 813 291 828 ut
303 810 419 827 assuefaciant
429 815 447 827 se
457 815 519 827 omnes
531 809 553 827 ad

53 836 140 854 tuendam
147 835 273 859 proprietatem
282 836 301 852 in
309 835 390 853 dicendo.
416 835 452 853 Nec
460 835 526 858 ubique
534 835 553 852 in

53 862 139 879 omnihus
155 861 235 878 materiis
248 861 316 884 ignosci
327 859 372 878 mihi
382 860 435 882 volo,
456 860 553 883 improprie

53 886 142 911 loquenti.
163 886 199 904 Sed
207 886 243 909 ipse
250 885 295 904 mihi
299 892 337 904 sum
346 886 452 904 durissimus
460 892 528 906 censor,
537 889 553 903 et

54 913 111 930 laudo
124 912 168 930 alios
183 918 275 930 censuram
290 912 396 929 severiorem
411 915 487 934 agentes.
517 911 553 929 Sed

53 942 115 956 tamen
127 938 150 955 sit
162 938 226 955 modus
237 937 302 961 aliquis
313 937 375 955 talium
387 936 553 960 reprehensionum,

53 970 77 981 ne
85 961 277 988 λογομαχίαιῐιίηιίωιι
284 966 368 984 crescant,
379 966 399 980 ut
406 962 493 980 acciditin
499 968 553 986 quae-

54 989 143 1007 stionibus
151 988 313 1007 sententiariorum.

105 1014 137 1032 Me
149 1013 238 1032 Ecclesiae
251 1013 361 1031 consuetudo
376 1013 442 1034 movit,
458 1016 479 1030 ut
490 1013 553 1036 poeni-

54 1040 120 1059 tentiae
136 1045 202 1057 nomen
217 1045 249 1062 pro
265 1043 301 1057 tota
316 1039 432 1057 conversione
443 1044 553 1061 usurparem.

54 1066 92 1083 Nec
107 1065 157 1083 volui
173 1065 241 1083 tristius
255 1065 362 1082 vocabulum
372 1064 494 1084 contritionis,
512 1070 552 1082 cum

54 1092 99 1109 adeo
108 1091 131 1108 sit
138 1090 233 1111 usitatum,
246 1090 324 1109 reiicere.

107 1116 198 1134 Vocabula
209 1116 357 1138 regenerationis,
372 1115 523 1136 mortificationis,
535 1118 552 1132 et

53 1141 179 1159 vivificationis
187 1141 269 1159 transtuli
276 1142 297 1159 ad
306 1141 365 1159 locum
374 1141 396 1158 de
404 1140 519 1164 poenitentia,
532 1144 553 1158 ut

53 1168 147 1186 tolleretur
154 1166 258 1191 hypocrisis,
271 1173 315 1191 quae
320 1166 474 1184 mortificationem
482 1166 552 1183 intelle-

52 1194 89 1214 xit,
102 1198 139 1211 non
147 1193 258 1210 contriouem
266 1196 283 1210 et
293 1192 413 1210 obedientiam
421 1192 440 1209 in
447 1192 493 1209 veris
500 1192 551 1209 dolo-

53 1219 113 1239 ribus,
125 1218 155 1236 sed
167 1218 212 1236 ritus
222 1221 278 1236 certos
286 1218 415 1239 abstinentiae,
427 1221 445 1235 et
452 1217 551 1236 simulatio-

53 1250 86 1262 nes
96 1244 208 1262 monasticas.

105 1269 125 1287 Si
132 1269 179 1287 alius
185 1269 253 1287 mavult
261 1269 286 1287 sic
293 1269 352 1292 loqui:
365 1268 512 1291 Regenetationis
520 1274 551 1286 seu

52 1295 174 1313 conversionis
185 1298 243 1318 partes
255 1298 290 1312 tres
302 1294 442 1312 constituantur:
455 1293 552 1312 Paeniten-

52 1321 87 1341 tia,
100 1321 119 1338 id
131 1323 157 1338 est
169 1320 206 1338 veri
218 1326 292 1343 pavores
302 1323 319 1338 et
330 1320 410 1341 dolores,
423 1323 496 1343 propter
506 1320 551 1337 iram

51 1346 87 1364 Dei
98 1346 182 1364 adversus
193 1349 254 1364 nostra
264 1349 342 1369 peccata:
355 1345 419 1363 deiude
428 1345 471 1363 fides
480 1349 497 1363 et
505 1351 551 1363 nova

52 1372 164 1393 obedientia,
183 1372 241 1395 reipsa
253 1372 297 1390 dicit
306 1371 364 1392 idem,
384 1371 433 1395 quod
447 1377 476 1389 me
485 1371 551 1389 sentire

52 1398 166 1416 manifestum
175 1401 207 1416 est.

355 102 573 122 EPISTOLARUM
599 103 690 123 LIB.X‹
717 103 782 123 1646.

1043 103 1080 121 110

632 146 652 165 Si
661 147 701 170 quis
713 150 771 165 autem
780 146 813 164 hac
821 152 860 164 mea
871 147 990 165 declaratione
996 147 1019 164 de
1027 152 1080 164 voca-

581 172 635 193 bulo,
652 172 695 190 dicit
708 173 735 190 vel
748 172 802 190 retexi
811 173 874 195 dogma
886 173 936 196 prius
944 172 1038 193 traditum,
1051 172 1079 189 vel

582 198 651 215 turbari
663 198 754 220 dogmata,
770 203 807 215 non
819 197 886 216 iudicat
894 198 974 216 candide.
1000 197 1079 215 Manife-

581 226 629 240 stum
639 227 664 241 est
672 224 720 241 enim
727 229 840 247 nequaquam
849 229 877 241 res
887 230 897 241 a
905 230 933 241 me
940 223 1005 241 mutari
1012 227 1030 241 et
1037 223 1079 240 nul-

582 248 619 266 lum
632 255 698 267 novum
710 249 774 272 dogma
786 249 841 271 gigni.
870 249 949 267 Tantum
965 249 1039 266 ostendo
1051 254 1079 265 me

581 274 625 291 boni
637 275 737 296 consulere,
753 274 768 292 si
783 274 824 298 quis
837 274 871 292 alia
887 272 944 292 forma
955 274 1041 298 loquendi
1052 273 1079 291 uti

581 299 634 317 volet.
652 299 704 317 Certe
711 306 817 318 consensum
830 300 848 317 in
857 300 944 321 doctrina,
957 300 1003 317 tueri
1010 305 1079 316 summa

581 331 624 342 cura
631 325 700 343 studeo.
725 325 750 343 Et
758 329 809 348 opto,
822 328 842 343 ut
849 324 937 343 Ecclesiae
945 328 1015 343 nostrae
1023 328 1079 342 aeter-

582 356 604 367 na
612 351 707 368 concordia
715 351 806 374 copulatae
815 351 860 372 siut,
873 354 900 372 et,
912 354 932 369 ut
940 351 987 368 filius
995 350 1029 368 Dei
1039 356 1079 373 pre-

581 379 640 397 catur,
652 376 687 394 sint
695 382 751 394 unum
760 376 779 393 in
787 375 831 394 Deo.

631 400 655 419 Et
669 408 709 419 cum
724 402 747 419 ad
758 402 872 419 concordiam
883 402 932 419 utilis
943 402 966 419 sit
980 401 1080 424 proprietas

581 427 677 447 sermonis,
693 427 800 445 mediocrem
813 427 923 450 diligentiam
939 431 985 445 certe
996 425 1080 447 adhibeo,

580 455 601 469 ut
610 452 725 476 plaerumque
734 453 797 476 loquar
808 453 885 476 proprie.

632 476 715 500 Optarim
726 482 795 499 autem,
810 482 830 496 ut
841 478 862 495 de
876 478 983 501 quibusdam
994 477 1079 496 materiis,

581 506 598 520 et
609 503 631 520 de
642 504 704 521 formis
716 503 802 527 loquendi
815 504 960 527 colloquerentur
970 503 1027 526 aliqui
1039 509 1080 520 eru-

581 528 624 550 diti,
638 532 658 546 ut
668 532 747 547 caeterae
758 529 839 546 nationes
848 529 903 551 magis
912 529 1032 546 invitarentur
1040 529 1079 545 luce

580 559 641 571 rerum
649 554 762 577 optimarum,
771 558 788 572 et
795 555 855 572 minus
862 554 906 572 oriri
914 554 1031 572 certaminum
1038 559 1080 577 pos-

580 583 606 597 set
612 579 634 596 ad
644 583 733 602 posteros,
747 580 837 603 explicatis
846 580 997 602 ambiguitatibus.

631 604 682 623 Hanc
693 606 879 623 commemorationem
890 606 912 623 de
920 605 1007 623 vocabulo
1016 605 1079 628 poeni-

580 630 654 652 tentiae,
667 634 685 648 et
695 631 717 648 de
729 637 767 648 mea
776 631 867 648 voluntate
874 631 934 652 mitto,
947 637 1000 654 quam
1008 634 1028 648 ut
1036 630 1079 648 boni

580 656 674 673 consulant
689 656 737 674 docti
752 656 787 674 viri
802 662 864 674 omnes
874 657 893 674 in
907 655 1003 674 Academia
1016 659 1079 677 vestra,

580 687 618 698 nro.

580 763 614 782 No.
622 763 679 783 ³442.

579 789 681 797 Μ

995 766 1025 784 14.
1034 766 1073 788 Ap„

991 789 1076 797 Μ

775 810 794 833 Ι.
808 811 882 832 Ionae.

613 850 624 868 f
634 849 652 863 c.
659 849 802 865 eontanas-nemu.
813 850 845 864 voi.
852 850 864 864 1.
873 855 887 868 μ.
893 850 933 869 wc,
941 850 964 868 qui
971 855 1001 864 a...
1008 850 1079 868 ᾱωειῑμίι

631 872 639 881 .
646 867 677 881 wa.
684 867 744 881 audian.
750 866 836 885 cnaphea„

744 905 814 924 Iusto
832 905 913 926 Ionae.

579 938 638 967 Quod
646 943 723 961 faustum
732 947 748 960 et
756 943 798 961 felix
806 944 834 962 sit.
856 943 940 961 Redeunt
949 944 1002 966 legati
1011 947 1078 960 vestrae

579 969 661 989 civitatis.
672 969 706 986 viri
715 967 841 990 honestissimi,
852 970 883 992 qui
892 975 951 986 coram
960 969 1078 990 testabuntur,

579 1000 616 1012 non
627 994 703 1012 defuisse
714 995 824 1012 voluntatem
833 1000 853 1012 ac
864 995 975 1017 diligentiam
986 994 1032 1012 Duci
1039 993 1077 1011 Sa-

578 1019 648 1037 ,τυπίσι
659 1020 678 1037 in
691 1020 825 1037 conditionibus
836 1020 960 1037 communibus
969 1020 1077 1042 mitigandis.

578 1045 614 1063 Sed
628 1045 648 1062 in
659 1049 708 1063 tanta
721 1049 821 1068 temporum
831 1045 934 1063 difficultate
947 1052 987 1063 cum
999 1046 1035 1063 sint
1046 1045 1077 1069 qui

578 1074 659 1089 excutere
670 1074 687 1088 et
698 1077 731 1088 nos
739 1075 757 1088 et
764 1071 815 1088 illum
823 1071 881 1094 ipsum
890 1077 950 1088 recens
958 1071 1033 1089 electum
1043 1070 1076 1094 ἆρ-

575 1095 639 1120 χιερέα
651 1099 738 1117 vestrum,
751 1100 782 1114 aut
792 1096 851 1119 potius
858 1097 994 1119 gubernatorem
1002 1097 1076 1114 ditionis

577 1120 747 1145 Magdeburgicae,
760 1122 837 1140 obtineri
846 1122 915 1143 omnia,
927 1128 972 1145 quae
980 1122 1076 1143 voluimus,

578 1148 660 1165 nondum
668 1151 742 1170 possunt
750 1146 774 1171 ¹).
797 1147 872 1171 Aliquid
880 1151 940 1165 tamen
947 1147 1029 1165 effectum
1038 1153 1075 1165 esse

577 1173 647 1194 iudico,
659 1176 677 1191 et
687 1173 738 1190 initia
750 1173 824 1196 gradum
834 1173 898 1191 facient
909 1174 931 1190 ad
942 1173 1033 1190 meliorem
1041 1179 1075 1191 κα-

576 1197 676 1220 τάστασιν,
694 1205 748 1222 quam
758 1202 778 1216 ut
789 1198 838 1216 Deus
851 1202 932 1216 aeternus
944 1202 994 1221 pater
1005 1198 1074 1216 domini

576 1224 633 1242 nostri
641 1224 681 1242 Iesu
688 1223 756 1242 Christi
764 1224 869 1245 constituat,
882 1227 919 1242 toto
928 1227 998 1247 pectore
1007 1227 1055 1247 opto.

627 1248 735 1267 Fridericus
746 1248 847 1273 Myconius
862 1250 892 1267 diu
909 1256 949 1267 cum
963 1255 994 1267 suo
1010 1250 1074 1267 morbo

576 1275 662 1297 luctatus,
681 1276 753 1293 tandem
769 1281 790 1293 ex
805 1274 837 1293 hac
852 1275 923 1292 mortali
939 1275 974 1292 vita
991 1279 1073 1293 evocatus

576 1304 602 1318 est
608 1299 644 1325 ”).
669 1300 724 1318 Vides
735 1301 795 1324 colligi
807 1301 872 1322 iustos,
884 1307 907 1318 ne
919 1301 955 1318 sint
967 1304 1074 1324 spectatores

592 1363 608 1381 *)
617 1363 649 1378 vm.
656 1362 696 1380 epia.
704 1363 717 1377 a
725 1363 745 1377 ιτ.
752 1363 786 1381 Apr.
793 1363 843 1381 :capu
850 1363 907 1377 menn
914 1363 958 1380 nuci,
970 1365 982 1376 ει
991 1363 1052 1377 επεὶ-ιω,
1059 1363 1072 1376 in

610 1381 689 1395 Commeat.
699 1385 713 1399 p.
720 1380 751 1394 47⁵.

593 1402 618 1420 u)
627 1401 667 1416 obii·
673 1402 686 1416 α.
692 1403 704 1416 7.
711 1402 755 1420 April.
761 1401 799 1416 me
