1204 1565
58 89 96 108 91³

58 130 126 150 Rei-*tor
139 131 249 151 Academiae
265 129 370 174 Wub‘g'
385 126 479 156 Caspar
495 128 556 149 Cru-

251 162 326 181 nger,
361 169 366 174 .

58 189 87 210 Ita
95 191 228 209 condiditDeus
235 197 297 209 omnes
304 191 422 213 intelligentes
431 190 556 211 11310135,Αο-

58 218 106 240 gelos
116 221 134 235 et
142 216 232 237 homines,
244 220 265 234 ut
275 216 331 234 effuso
339 216 358 233 in
366 216 467 239 easSpiritu
475 222 507 234 suo
515 222 556 233 san-

58 246 96 264 eto,
109 242 186 260 voluerit
194 248 222 259 eas
232 242 323 264 divinitati
331 247 371 259 vere
380 242 470 264 copulatas
478 247 525 262 esse,
538 244 556 259 et

58 268 94 285 frui
106 268 185 285 bonitate
193 267 237 289 Dei,
249 273 269 284 ac
278 267 332 288 lucis,
344 267 440 289 sapientiae
451 270 468 284 et
476 266 555 284 iustitiae

58 293 225 311 communicatione.
250 291 299 310 Haec
309 291 424 315 pulchritudo
438 295 505 316 quanta
516 292 555 309 fue-

57 318 91 340 rit,
105 324 153 336 nune
161 318 180 335 in
189 317 222 335 hae
230 317 305 340 ealigine
313 323 349 335 non
358 317 400 335 satis
408 318 502 335 cernimus.
519 317 554 335 Sed

57 343 119 361 tamen
131 342 174 361 hacc
181 343 274 365 cogitanda
286 346 336 361 sunt:
354 343 475 360 testimonium
486 342 555 365 insigne

57 369 145 387 bonitatis
156 368 190 386 Dei
203 372 220 386 et
230 368 295 385 amoris
307 374 347 390 erga
360 374 393 385 nos
402 368 444 389 snit,
460 368 509 392 quod
522 366 555 385 hoe

57 400 149 412 summum
156 395 230 414 bonum,
239 394 306 411 scilicet
313 393 406 416 Spiritum,
414 394 445 417 qui
453 393 555 411 incendium

56 424 83 437 est
90 420 150 437 mutui
157 419 222 437 amoris
229 419 247 436 in
256 423 306 442 patre
313 422 330 436 et
336 419 383 440 11110,
395 422 413 436 et:
424 419 494 436 flamma
505 418 555 439 lucis,

56 445 156 468 sapientiae
165 448 191 462 est
199 444 278 462 imticiae
285 444 340 466 patris
349 447 366 461 et
376 444 418 465 11111,
430 444 449 461 111
457 450 490 461 nos
497 447 556 462 trans-

55 471 111 489 fudit.
136 469 203 488 Contra
215 475 257 487 vcro
265 473 310 487 tetra
322 473 340 487 et
347 468 439 487 horribilis
446 470 555 491 ingratitudo

54 496 102 517 suit,
121 495 170 512 illam
182 495 307 518 admirandam
316 495 446 517 copulationem
461 501 501 512 cum
511 494 555 515 Deo,

55 527 111 544 quam
120 525 190 538 aeterna
195 520 303 543 gratitudine
311 523 328 537 et
334 525 401 537 summa
406 520 503 537 reverentia
509 520 555 537 tueri

55 547 185 567 debueramus,
198 551 279 568 rumpere
286 548 303 562 et
311 545 329 562 11Ι
330 545 398 567 igitiose
409 548 489 562 excutere
496 544 553 568 Spiri-

55 575 97 590 tum
109 575 194 589 sanctum.
224 570 272 588 Haec
282 570 375 592 cogitanda
386 573 436 591 sunt,
455 573 475 587 ut
488 574 554 594 quanta

55 597 105 615 mala
116 597 152 614 sint
164 597 194 613 illa
204 596 261 619 prima
272 596 335 613 delicta
343 596 403 619 aliquo
411 595 465 612 modo
474 595 556 613 conside-

56 628 124 640 remus.
141 621 187 639 Vult
194 621 241 638 enim
249 621 295 638 Deus
303 620 401 638 Ecclesiam
409 620 468 646 aliqua
476 626 497 638 ex
506 624 555 643 parte

56 653 153 670 agnoscere
165 650 183 664 et
198 646 269 663 morbos
281 644 355 663 humani
364 646 433 668 generis
443 649 460 664 et
472 646 555 664 remedia.

55 672 149 690 Dissimile
160 675 218 689 autem
231 671 265 689 fnit
277 671 361 689 delictum
374 671 490 694 superborum
501 671 555 694 spiri-

56 702 109 716 tuum
120 698 177 720 lapsui
188 695 287 717 bominum.
315 696 388 714 Diaboli
399 703 438 714 eum
455 697 511 714 filium
520 696 554 714 Dei

55 723 134 746 superbe
141 722 296 745 contempsissent,
304 721 403 745 blasphemi
410 727 447 739 esse
454 725 555 745 coeperunt.

55 748 83 766 At
91 748 151 766 miseri
159 747 249 768 homines,
261 747 335 770 impulsi
343 753 352 764 a
360 747 441 768 diabolo,
453 747 555 764 infirmitate

54 774 104 797 lapsi
112 776 159 791 sunt.
185 772 246 796 Itaque
256 772 303 790 tilius
312 772 355 793 Dei,
368 778 420 796 quem
427 772 495 790 diaboli
506 773 555 790 adfe-

54 802 120 817 cerant
128 798 242 818 contumelia,
251 798 333 816 misertus
341 797 428 815 humanae
436 801 515 818 naturae,
522 804 554 820 pro

55 830 77 842 ea
90 825 192 846 deprecatae
201 822 233 841 καὶ
240 822 300 846 ἱκέτης
310 823 366 841 factus
378 827 409 841 est.
435 823 495 845 Quare
507 822 555 840 Deus

54 853 129 872 recepta
140 847 233 866 hominum
246 852 308 866 natura
320 852 392 871 propter
404 849 460 866 filiurn
469 849 555 866 mediato—

54 881 106 896 rem,
119 874 165 891 edita
173 880 215 891 voce
223 874 355 896 promissionis,
368 874 441 891 reddere
451 874 503 891 nobis
513 879 555 891 suae

56 903 134 917 naturae
149 899 248 916 societatem
265 899 331 921 eoepit,
345 902 362 916 et
373 899 503 921 copulationem
517 899 554 921 pri-

55 931 117 945 mam,
126 925 148 942 ad
157 930 210 947 quam
218 924 286 941 conditi
294 930 372 945 eramus,
380 924 490 942 instauravit.
505 923 555 942 Rur-

34 951 37 956 ’
56 956 89 968 sus
102 950 149 967 enim
161 950 179 967 in
193 955 222 966 eos
233 949 264 973 qui
277 952 403 972 expavescunt,
416 949 506 971 agnitione
519 949 555 966 irae

55 975 95 994 Dei
102 979 120 993 et
129 975 168 992 voci
175 975 297 998 promissionis
304 974 436 995 adsentiuntur,
444 974 555 992 transfundi-

55 1005 90 1019 tur
96 1000 173 1023 Spiritus
180 1004 259 1021 sanctus,
266 1000 297 1023 qui
305 1000 376 1017 flamma
387 1003 412 1017 est
419 1006 440 1017 ex
448 1003 517 1022 pectore
525 1005 555 1017 ae-

55 1026 106 1044 terni
118 1025 173 1048 patris
181 1029 199 1043 et
206 1031 226 1042 ex
235 1028 305 1048 pectore
313 1025 381 1042 domini
390 1025 446 1042 nostri
454 1024 493 1042 lesu
501 1023 555 1042 Chri-

55 1052 82 1069 sti
95 1051 156 1072 missa,
169 1054 189 1068 ut
199 1050 264 1072 lucem,
281 1050 369 1068 iusticiam
380 1054 397 1067 et
408 1050 462 1068 vitam
473 1051 492 1067 111
502 1050 555 1072 nobis

54 1077 148 1094 accendat.
174 1077 199 1093 Ac
211 1079 258 1093 tanta
271 1075 305 1093 Dei
317 1076 388 1093 bonitas
401 1079 436 1096 est,
448 1081 485 1092 non
497 1076 554 1093 solum

54 1106 79 1120 111
87 1102 148 1124 largiri
157 1100 191 1118 hoc
200 1104 268 1118 tantum
276 1101 343 1118 1101111111
355 1104 371 1118 et
380 1100 425 1118 hane
433 1107 474 1118 stiae
482 1104 555 1118 naturae

55 1127 160 1145 societatem
172 1126 224 1147 velit,
236 1127 266 1143 sed
276 1126 328 1143 etiam
339 1130 359 1143 ut
366 1132 417 1149 saepe
424 1126 510 1147 affirmet,
521 1125 555 1143 hoc

55 1159 77 1170 ae
86 1152 164 1170 officium
175 1151 269 1175 praecipue
280 1157 289 1168 a
300 1151 352 1168 nobis
361 1151 459 1174 postulare,
471 1152 555 1174 primum,

55 1182 80 1196 ut
92 1178 150 1201 ipsum
161 1181 179 1195 et
192 1177 247 1194 lilium
260 1180 277 1194 ct
289 1176 337 1194 hunc
347 1177 438 1200 spiritum,
454 1177 486 1200 qui
497 1177 554 1194 mutui

55 1203 126 1221 amoris
133 1202 152 1220 in
159 1205 282 1225 patreaeterno
290 1206 308 1219 et
315 1202 351 1219 filio
356 1202 494 1223 ineendiumest,
501 1208 556 1225 agno-

55 1234 138 1248 scamus,
151 1231 169 1245 et
179 1227 213 1245 hoe
225 1228 292 1244 donum
304 1228 407 1245 ardentibus
418 1228 464 1245 votis
477 1232 556 1251 petamus

56 1259 78 1272 et
87 1254 131 1276 grau*
140 1253 249 1271 celebremus
255 1259 275 1270 ac
282 1253 395 1271 retineamus.

112 1293 146 1311 Sed
155 1293 198 1316 quid
206 1292 276 1310 dicam?
289 1293 303 1310 si
313 1296 381 1310 tantum
392 1293 458 1315 singuli
471 1293 556 1317 lacryma-

55 1324 100 1337 rum
113 1318 188 1336 sundere
199 1324 299 1341 possemus,
313 1321 399 1341 quantum
411 1319 499 1335 undarum
508 1317 556 1336 vehit

55 1343 90 1362 hic
98 1344 150 1362 Albis
157 1347 226 1364 noster,
237 1346 296 1360 tamen
305 1349 342 1361 non
348 1343 389 1360 satis
396 1344 488 1366 deplorare
497 1342 556 1361 homi-

56 1375 104 1387 nurn
112 1369 198 1386 duriciem
207 1372 226 1386 et
232 1369 378 1390 ingratitudinem
385 1374 481 1391 possemus.
502 1368 556 1387 Pauci

86 1396 175 1412 Munna-n.
184 1395 237 1411 Onu.
244 1394 284 1411 Vm..
293 1393 324 1411 Vl.

348 69 568 108 EPtS'rollARUM
592 87 648 107 LIB.
662 87 696 107 XI.

722 87 800 116 164⁸„
1040 89 1078 108 ⁹14

584 129 630 148 hane
637 129 747 149 voluntatem
755 131 790 149 Dei
802 132 925 153 considerant,
937 132 989 155 panti
1000 132 1034 151 boc
1045 134 1079 151 do-

584 162 629 174 num
642 160 714 179 petunt,
728 157 779 174 multi
792 157 883 175 manifesta
895 161 912 175 et
920 158 1007 181 cyclopiea
1015 158 1079 181 impie-

584 185 619 199 tate
625 186 694 203 arcent,
705 182 768 203 multi,
781 188 821 200 cum
829 183 896 200 fuerint
905 183 995 200 domicilia
1000 183 1078 206 spirim

583 207 649 228 sancti,
662 211 679 225 et
686 207 759 225 eiiciunt
767 214 816 229 eum,
828 212 845 225 et
853 207 928 226 utPanli
937 208 995 226 verbi·
1002 212 1079 231 utamur,

583 232 645 250 dolore
654 239 694 250 eum
701 233 791 250 adficiunt.
816 232 864 250 Haec
873 232 962 251 horrenda
969 233 1078 256 ingratitudo

583 261 643 280 postea
656 264 708 275 cansa
716 261 742 275 est
752 258 852 280 ingentium
862 258 983 276 calamitatum
990 258 1078 277 humana-

583 289 633 305 rum,
645 284 740 304 amentiae,
753 283 840 301 bellorum
847 287 864 301 et
871 284 995 301 vastationum.

634 308 660 325 Te
670 309 724 331 igitur
735 312 806 326 aeterne
812 308 860 326 Deus
866 322 871 330 ‚
884 312 935 332 pater
945 309 1014 327 domini
1021 310 1077 328 nostri

582 333 622 351 Iesu
630 332 707 355 Christ-i,
720 334 802 352 conditor
809 334 853 352 coeli
864 337 882 352 et
890 337 947 352 terrae
959 338 976 352 et
983 333 1077 353 hominum

582 362 599 376 et
607 358 696 376 Ecclesiae
704 362 752 381 tuae,
764 366 800 377 una
807 366 847 377 curn
855 359 892 377 11110
899 363 931 377 1110
939 359 1029 382 etSpiritu
1036 366 1078 378 san-

582 388 621 404 cto,
635 385 723 407 supplices
736 391 816 406 oramus,
833 388 853 403 nt
866 388 938 408 propter
948 385 1004 403 fitium
1021 389 1077 407 tuum,

582 410 675 427 dominum
687 414 767 428 nostrum
780 409 794 428 l.
800 410 831 432 C„
843 416 895 434 quem
904 411 976 428 voluisti
985 417 1017 433 pro
1024 412 1077 429 nobis

581 441 618 452 esse
629 435 718 452 victimam
729 434 761 453 καὶ
767 434 844 459 μεσίτην
851 434 884 453 καὶ
890 435 960 459 ἱτέτην,
974 436 1030 454 nostri
1042 437 1077 454 mi-

582 460 665 482 serearis,
677 467 697 478 ae
702 460 769 483 Spiritu
778 465 809 479 tuo
817 464 877 478 saneto
885 466 918 478 nos
925 461 959 479 tibi
966 461 1047 484 copulet.
1060 465 1077 480 et

582 486 601 502 in
613 486 666 503 nohis
676 492 735 503 veram
747 486 803 504 lucem
812 489 829 504 et
837 486 923 504 iusticiam
931 487 1020 505 accendas.
1045 487 1077 505 Li-

581 511 664 528 beralitas
675 514 705 528 tua
717 511 802 529 immensa
814 512 833 528 in
846 512 905 529 dando
916 510 950 529 hoe
962 518 1035 529 munere
1045 513 1077 530 filii

582 536 629 553 dicto
638 536 725 554 celebrata
733 540 768 558 est,
777 537 825 560 quod
834 537 919 558 ostendit,
927 543 979 560 quam
987 537 1038 555 avide
1046 544 1078 555 eu-

581 561 619 583 11131
626 561 678 579 nobis
684 568 735 584 opem
744 562 799 582 ferre,
810 568 850 579 cum
858 562 891 579 ait:
905 566 972 585 quanto
979 563 1034 584 magis
1045 569 1077 586 pa-

581 589 608 603 trr
616 586 695 604 coelestis
703 587 842 609 dabitSpiritum
853 593 904 604 suum
914 591 993 605 sanctum
1001 589 1078 610 petenti-

581 611 621 630 bus.
646 611 676 629 Tu
683 611 709 629 vis
717 612 753 634 peti
761 611 795 629 hoc
802 618 877 633 munus,
889 615 907 629 et
913 613 1014 635 petentibus
1023 614 1077 631 adfir-

581 642 618 654 mas
626 639 643 654 te
651 637 702 654 avide
711 637 794 655 daturum
801 643 844 656 esse.
869 637 965 660 Speremus
976 638 1029 660 igitur
1037 643 1076 657 vota

581 665 642 680 nostra
650 662 735 681 exaudiri.

631 686 670 705 vus
680 693 751 711 quoque
763 688 852 705 auditores
863 686 988 710 adhortamur,
1000 693 1020 707 nt
1030 688 1076 707 hane

582 713 604 730 de
612 712 703 730 voluntate
710 712 743 730 Dei
754 713 853 730 doctrinam
866 714 895 736 pie
904 717 921 731 et
927 714 1005 732 studiose
1012 711 1083 737 ειιςὶιεὲγ

582 738 613 759 tia,
624 741 641 755 et
650 741 720 761 pectora
726 741 784 756 vestra
793 738 815 755 ad
824 739 919 761 petendum
928 738 975 757 hunc
981 740 1077 763 sapientiae

582 767 599 781 et
608 763 687 782 iustitiae
695 763 762 781 sontem
770 763 848 781 flectatis.
875 763 930 782 Multi
938 768 979 782 sunt
987 765 1034 783 inter
1040 772 1077 787 vos,

582 789 614 812 qui
625 789 660 806 iam
672 792 714 806 sunt
724 789 814 807 domicilia
823 789 902 812 Spiritus
914 790 975 809 saneti.
1004 790 1028 808 Hi
1041 791 1077 809 sint

582 814 666 835 modesti,
679 814 744 835 sobrii,
756 814 798 832 casti
810 818 826 832 et
834 814 928 837 diligentes
939 815 957 832 in
966 816 1038 834 caeteris
1045 823 1077 834 ne-

582 839 661 857 cessariis
670 839 738 861 offciis,
750 845 773 857 ne
780 839 866 862 Spiritum
879 843 958 858 sanctum
970 847 990 858 ex
1001 842 1077 864 pectori-

582 865 615 882 bus
623 864 659 882 suis
667 865 766 886 excutiant,
779 871 811 882 nec
819 871 860 882 eum
869 865 930 883 dolore
939 866 1020 884 afficiant.
1038 867 1077 885 Do-

582 890 606 907 let
620 890 668 907 enim
682 894 756 913 propter
769 894 840 908 nostros
857 890 917 913 lapsus
930 894 947 909 et
960 896 1032 914 propter
1043 899 1077 910 no-

582 918 626 932 stras
637 915 744 933 calamitates
754 916 827 936 multas,
840 922 885 939 quae
899 921 998 939 sequuntur
1008 918 1077 936 delicta.

581 939 644 957 Doluit
658 939 735 962 Spiritus
745 944 815 958 sanctus
826 947 866 958 cum
884 947 893 958 a
906 940 965 959 Saule
979 942 1078 965 diceretur,

581 965 691 988 prospiciens
703 969 721 983 et
731 966 785 988 ipsius
796 965 868 983 exitium
880 969 896 983 et
907 967 1014 985 calamitates
1022 969 1078 998 reg'ni,

582 996 627 1014 quae
637 994 727 1008 secuturae
736 993 796 1012 etaim
824 991 882 1008 doluit
897 995 914 1009 et
930 992 949 1009 in
962 993 1023 1010 multis
1036 994 1077 1016 piis,

582 1016 612 1039 qni
624 1015 644 1033 in
656 1021 720 1038 magno
733 1022 813 1033 moerore
825 1020 874 1034 erant
884 1021 956 1040 propter
966 1019 1048 1036 scandala
1060 1023 1078 1037 et

582 1041 662 1064 publicas
669 1041 753 1059 miserias.
765 1041 846 1065 Denique
854 1048 915 1059 omnes
922 1043 1037 1061 exuscitemus
1045 1050 1078 1062 nos

582 1067 603 1084 ad
612 1065 658 1083 hanc
666 1072 737 1088 curam,
747 1070 767 1084 ut
775 1070 792 1084 et
800 1067 915 1085 restituatur*
909 1074 928 1085 111
940 1069 992 1086 nobis
1001 1070 1077 1087 eoniun-

583 1092 618 1109 ctio
629 1098 669 1109 eum
677 1092 725 1113 Deo,
738 1095 755 1109 et
763 1096 832 1110 maneat
841 1092 916 1115 integra,
936 1093 1047 1116 Aspiciamus
1059 1098 1077 1113 et

582 1117 660 1140 privatas
668 1117 746 1134 miserias
755 1121 772 1135 et
780 1118 888 1135 tristissimas
896 1117 985 1136 Ecclesiae
993 1123 1009 1136 et
1019 1119 1057 1143 lmp
1059 1126 1077 1137 ε-

583 1143 650 1159 riorum
661 1143 782 1164 confusiones,
798 1143 863 1166 quibus
874 1144 952 1166 profecto
962 1145 1029 1162 mederi
1041 1144 1076 1163 1111-

583 1173 635 1185 mana
645 1168 729 1191 sapientia
742 1174 780 1186 non
792 1172 854 1191 potest.
880 1168 915 1186 Sed
927 1172 947 1186 nt
958 1169 977 1187 in
988 1171 1077 1189 creatione

583 1190 655 1217 Moyses
662 1193 733 1213 scribit,
747 1194 803 1211 foveri
815 1200 874 1211 rerum
885 1198 966 1212 naturam
981 1195 1077 1214 incubante

584 1218 634 1241 aquis
642 1218 705 1242 spiritu
714 1218 797 1240 Domini,
808 1219 832 1236 ita
843 1220 909 1237 servari
917 1219 1005 1238 Ecclesiae
1017 1225 1036 1239 et
1047 1228 1077 1239 ea-

583 1250 624 1261 rum
633 1242 709 1266 hospitia
718 1250 754 1262 non
762 1248 844 1267 possunt,
857 1245 891 1262 nisi
899 1245 976 1263 suaviter
983 1246 1077 1265 foveantur

583 1269 656 1286 salutari
670 1269 702 1287 Dei
718 1270 786 1292 spiritu.
816 1269 855 1287 Hoc
871 1270 925 1292 igitur
935 1274 952 1288 et
965 1271 1001 1293 regi
1015 1277 1047 1289 nos
1060 1276 1077 1290 et

584 1294 709 1316 gubernatores
717 1299 734 1312 et
742 1295 800 1312 sanari
807 1294 896 1313 Ecclesiae
905 1296 988 1316 vulnera,
1001 1300 1018 1314 et
1026 1297 1077 1315 resti-

584 1320 610 1337 tui
622 1320 715 1337 salutarem
726 1326 796 1343 pacem,
810 1320 857 1338 veris
867 1321 962 1343 gemitibus
974 1325 1059 1344 petamus.

635 1345 682 1362 Cum
693 1349 751 1363 autem
764 1346 830 1363 iustum
842 1349 859 1363 et
869 1346 949 1364 debitum
960 1347 1037 1365 officium
1049 1348 1078 1369 sit,

584 1370 730 1393 significat-ionem
736 1371 813 1394 aliquam
818 1371 931 1394 gratitudinis
937 1373 1030 1390 ostendere
1037 1379 1078 1396 erga

754 1396 779 1415 5⁸
