1204 1565
57 93 81 111 41

57 135 175 153 conferendos
184 138 200 153 et
209 135 338 158 patefaciendus
346 139 376 151 eos
384 134 477 154 articulos,
486 134 508 151 de
517 134 556 157 qui-

57 162 92 179 bus
100 160 134 178 hoc
142 164 221 183 tempore
234 160 254 178 in
262 160 343 178 doctrina
352 158 446 177 christiana
455 163 556 177 controvera

58 187 85 204 sia
93 188 128 207 est,
142 186 219 203 indictus
227 186 259 206 sit,
272 185 395 203 Reverendiss.
404 185 489 208 Princeps
495 191 517 202 ac
521 184 556 202 Co-

57 218 96 229 mes
107 217 191 234 generose
202 217 212 229 a
220 211 290 229 Caesar.
302 210 394 228 Maiestate
408 209 461 228 huius
471 210 556 233 colloquii

58 237 151 255 Praesides
163 240 180 254 et
187 237 315 259 gubernatores
323 236 424 256 constituti,
437 235 511 253 Domini
523 242 556 253 no-

58 263 91 280 stri
102 262 235 280 clementissimi
241 275 246 283 ,
259 261 351 279 humiliter
361 267 381 278 ac
389 267 430 279 curn
438 261 498 278 dehita
506 267 556 278 reve-

58 288 116 306 rentia
123 294 133 305 :t
142 288 189 305 Vnst.
196 287 242 305 Cels.
251 287 336 310 petimus,
348 290 368 304 ot
375 286 425 304 Caes.
433 286 478 304 Mai.
486 289 556 304 nostro-

57 320 99 331 rum
107 313 270 331 illustrissimorum
278 313 295 330 ct
305 312 403 329 lllustrium
412 311 522 334 Principum,
530 311 555 329 ci-

57 339 134 356 vitatium
142 342 159 356 et
167 338 248 355 omnium
255 341 332 361 statuum
341 337 423 357 nomine,
437 337 555 360 complecten-

57 365 104 381 tium
114 364 242 381 confessionem
250 362 334 385 August„
348 363 428 385 ingentes
440 362 504 385 gratias
514 368 555 385 aga-

57 390 91 410 tis,
104 389 152 412 quod
163 389 227 406 iterum
238 389 260 406 ad
271 388 408 411 patefaciendam
418 388 519 405 doctrinam
527 394 555 405 ec-

57 415 117 432 clesiis
127 418 144 432 et
155 414 195 432 orbi
207 418 294 431 terrm-um
303 413 397 431 salutarem
406 419 426 430 ac
434 413 555 434 necessariam,

57 439 107 458 hunc
116 443 222 457 conventum
231 439 332 457 instituerit.
351 438 430 460 Deinde,
443 439 492 462 quod
499 439 555 456 factu-

57 471 88 483 ros
96 465 170 483 omnino
178 470 277 487 speramus,
290 468 310 482 ut
318 464 340 481 V.
349 463 409 482 Celsit.
420 462 466 481 hanc
474 464 554 482 collatio-

58 497 100 508 nem
112 491 134 508 de
145 490 236 508 sententiis
247 490 345 513 scripturae
356 489 427 507 divinae
439 489 463 507 ita
474 490 555 507 modere-

58 520 97 537 tur,
104 522 141 533 nun
149 519 169 533 ut
176 516 275 539 praestigiis
281 519 299 532 et
306 515 399 532 calumniis
409 514 473 532 veritas
481 518 555 537 tegatur,

57 542 161 559 involvatur
169 544 200 558 aut
206 541 303 562 obruatur,
316 541 347 558 sed
356 546 376 557 ex
384 540 453 557 collatis
464 540 555 558 sententiis

57 567 123 584 veritas
140 569 194 590 queat
211 566 289 589 patefieri
304 569 322 586 ct
339 565 431 584 illustrari.
461 564 554 583 Caeterum

57 598 160 616 quanquam
174 592 259 609 omnibus
274 591 354 609 omnium
369 591 510 611 adversariorum
521 597 555 608 no-

57 622 136 635 strorum
143 617 256 638 criminibus,
263 617 328 640 quihus
336 622 369 634 uos
375 622 395 634 aa:
403 619 481 634 nostram
488 616 555 634 doctri-

57 649 100 661 nam
112 643 159 666 apud
171 648 232 660 omnes
243 645 303 665 gentes
315 645 332 659 et
343 642 418 665 populos,
426 642 526 659 deformare
537 644 555 659 et

58 670 135 686 obrucre
142 672 237 689 conantur,
250 668 366 690 respondere,
379 673 436 690 neque
446 667 489 684 utile
497 672 554 690 neque

58 694 172 711 commodum
181 692 214 710 hoc
222 697 300 716 temporo
308 699 345 710 esse
355 692 439 713 sciamus,
453 695 520 713 tamen,
531 698 554 709 ne

58 720 77 737 in
92 716 163 742 publico
174 718 208 736 hoc
219 721 307 736 conventu
322 718 369 736 taciti
379 721 396 735 et
408 718 458 740 quasi
470 723 554 740 agnosere

57 745 161 765 videamur,
176 744 279 761 brevissime
291 747 308 761 ct
320 743 448 761 modestissime
459 743 481 760 ad
495 748 515 760 ea
526 749 554 760 re-

57 770 191 794 spondebimus.

110 795 235 812 vociferantur
240 795 259 812 in
265 794 340 817 puhlicis
344 794 460 812 concionibus
464 797 481 811 et
485 794 554 817 publice

58 821 111 839 editis
122 821 202 843 scriptis,
215 825 248 837 nos
256 820 352 837 traducunt
362 823 379 837 et
391 820 488 841 infamant,
498 826 532 837 nos
544 825 554 836 a

57 846 113 864 veteri
126 849 142 863 et
154 844 253 863 orthodoxa
269 849 286 862 et
301 844 387 862 catholica
404 845 476 862 ecclesia
487 844 554 862 Christi

58 871 168 892 discessisse,
180 871 265 888 damnare
274 870 349 888 concilia
361 873 379 888 et.
391 870 472 888 omnium
484 873 553 888 sancto—

57 903 99 915 rum
108 900 178 919 patrum
187 896 261 919 scripta,
273 896 332 913 laxare
343 898 361 913 et
368 896 436 913 solvere
443 901 515 913 omnem
526 901 554 913 ec-

57 920 121 940 clesi-w
133 922 255 944 disciplinam,
269 925 286 939 et
297 921 374 938 tribuere
386 921 453 944 populo
465 921 553 938 infinitam

57 948 148 965 licentiam
164 947 244 970 qualibet
259 947 336 964 audendi
354 949 371 964 et
383 946 468 968 faciendi,
483 946 554 964 abolere

57 979 92 991 nos
104 976 170 990 veteres
182 972 290 990 ceremonias
299 975 316 989 et
323 972 376 992 ritus,
389 978 399 989 a
410 972 490 994 patribus
497 972 553 989 ecclc-

57 999 94 1016 siae
101 998 184 1018 traditas,
196 1001 214 1015 et
221 997 256 1015 alia
268 997 323 1014 multa
331 997 397 1014 atrocia
406 997 480 1014 crimina
493 997 511 1014 in
521 1003 553 1014 nos

57 1024 159 1043 cumulant,
172 1023 195 1040 ml
203 1029 248 1046 quae
255 1028 325 1040 necesse
334 1026 359 1040 est
368 1021 397 1040 hic
407 1022 484 1040 breviter
491 1025 508 1040 et
514 1028 553 1040 mo-

57 1050 106 1067 deste
118 1048 227 1072 responderi.
252 1047 298 1065 Nam
309 1048 324 1065 si
334 1048 376 1065 tales
384 1053 420 1065 esse
427 1047 553 1068 existimamur,

57 1078 76 1092 et
88 1074 130 1092 haec
143 1074 209 1091 iniusta·
219 1073 359 1091 adversariorum
368 1073 477 1095 praeiudicia
488 1073 552 1094 valent,

57 1101 123 1118 frustra
131 1100 152 1117 ad
161 1098 194 1116 hoc
203 1093 311 1122 colloquium
320 1097 450 1116 adhiberentur.

109 1125 189 1142 Primum
198 1124 252 1146 igitur
259 1130 318 1141 coram
326 1123 390 1141 Deo-et
397 1127 435 1141 toto
444 1124 487 1141 orbe
497 1127 552 1141 terra-

56 1157 98 1169 rum
103 1150 207 1168 confitemur
212 1153 228 1167 et
236 1152 359 1172 protestamur,
365 1149 514 1172 quemadmodum
520 1155 551 1166 an-

55 1180 85 1194 tea
93 1176 112 1193 in
119 1175 229 1192 confessione
236 1174 286 1192 Caes.
293 1174 382 1192 Maiestati
391 1175 411 1191 in
418 1174 499 1192 Comitiis
507 1173 552 1197 Aug.

55 1200 136 1219 exhibita
148 1200 219 1223 publice
231 1200 368 1221 declaravimus,
380 1206 434 1223 quam
447 1200 499 1218 etiam
510 1205 552 1217 con*

54 1227 151 1245 sessionem
163 1232 194 1248 pro
206 1225 280 1248 repetita
292 1223 353 1243 haberi
365 1225 456 1245 volumus,
471 1231 504 1242 uos
515 1231 551 1242 non

54 1252 114 1270 solum
123 1257 226 1274 agnoscere,
235 1250 266 1268 sed
273 1253 291 1268 et
300 1253 337 1268 toto
345 1254 415 1273 pectore
420 1254 503 1274 tanquam
512 1250 552 1267 fon-

55 1282 93 1296 tem
101 1277 159 1294 omnis
166 1276 228 1294 salutis
239 1279 256 1293 et
265 1276 310 1293 vitae
321 1279 402 1293 aeternae
413 1275 496 1299 amplecti
508 1276 552 1293 seri-

54 1306 86 1327 pta
94 1301 224 1325 Prophetarum
235 1304 253 1319 et
261 1300 397 1324 Apostolorum,
410 1300 444 1319 hoc
455 1304 481 1319 est
490 1306 552 1318 omnes

55 1328 80 1347 V.
88 1331 105 1345 et
111 1327 133 1345 N.
141 1326 251 1345 Testamenti
260 1326 316 1344 libros
325 1332 369 1350 quos
377 1330 442 1344 vocant
451 1326 552 1347 canonicos,

54 1357 74 1372 et
83 1353 181 1374 credimus,
194 1351 240 1369 hane
248 1357 284 1369 esse
294 1352 349 1375 ipsius
356 1351 391 1370 Dei
402 1352 485 1370 creatoris
492 1358 551 1372 rerum

54 1385 117 1403 yocem
125 1382 218 1396 sonantem
226 1378 245 1395 iu
254 1376 282 1395 his
289 1377 368 1401 scriptia,
380 1377 484 1401 inspiratam
491 1384 501 1395 a
509 1377 551 1400 Spi-

351 90 571 110 EPtSTOLAnUM
597 91 688 111 max.
714 91 780 111 1⁵46.

1053 93 1078 111 42

580 134 616 152 ritu
629 135 652 156 s,‘,
665 140 699 158 qua
711 141 729 152 se
738 134 787 153 Deus
798 135 876 153 mirabili
884 135 1012 159 sconsilio'orbi
1018 140 1076 154 terra-

579 166 620 177 rum
631 166 649 177 se
662 160 750 183 patefecit,
764 164 781 178 ct
791 159 834 178 hacc
846 161 910 184 scripta
922 167 959 179 esse
969 162 1076 179 fundamen—

580 189 627 205 tum,
639 188 708 207 petram
720 189 738 203 et
749 186 809 206 basin,
822 192 935 210 superquam
947 187 1029 208 ecclesia,
1041 188 1075 204 do—

579 216 618 228 mus
629 210 672 231 Dei,
688 211 777 229 aedificata
793 215 818 229 est
831 212 849 229 in
862 212 899 235 ipso
913 218 982 230 summo
994 212 1075 235 angulari

579 236 637 259 lapide
642 235 715 254 Christo
725 236 773 258 lesu,
786 241 803 255 et
811 237 829 254 in
838 236 865 254 his
872 238 941 261 scriptis
949 238 1001 261 plene
1010 241 1026 255 ct
1034 244 1075 260 per-

579 262 623 279 fecte
629 262 699 283 emnia,
711 268 756 285 quae
763 263 785 280 ad
794 262 879 280 iustitiam
888 266 905 281 et
912 263 986 281 salutem
995 267 1074 280 nostram

579 287 630 304 utilia
641 290 658 304 et
667 287 764 305 neccssaria
776 291 827 309 sunt,
843 287 980 311 comprehensa}
997 292 1015 306 ct
1028 287 1074 306 hane

578 312 671 330 coelestem
681 313 780 330 doctrinam
791 319 801 330 a
812 313 848 330 tilio
858 313 893 338 Dei
905 317 922 332 et
933 320 965 337 per
977 312 1074 337 Prophetas

578 341 595 355 et
608 337 704 360 Apostolos
716 338 768 356 nobis
782 339 865 356 traditam
877 345 913 357 esse
926 340 984 357 omnis
994 339 1074 357 coelestis

578 363 669 380 doctrinae
677 366 694 380 ct
702 363 792 386 piaevitae
799 370 819 381 ac
826 364 922 382 cultusDei
930 365 1003 382 unicum
1012 368 1029 382 et
1036 370 1074 382 cera

577 388 665 405 tissimum
678 389 763 406 canonem
775 393 791 407 et
803 390 891 412 regulam,
903 396 961 413 neque
972 390 1027 407 ullam
1040 390 1074 407 do-

578 413 653 431 ctrinam
663 417 694 431 aut
701 414 768 431 cultum
776 414 809 432 Dei
822 415 953 437 recipiendum,
966 415 996 439 qui
1007 421 1044 432 non
1055 416 1074 432 in

577 438 685 462 propheticis
701 443 717 456 et
729 440 829 462 apostolicis
844 440 913 463 scriptis
930 439 1074 463 comprehensu&

577 468 594 481 et
599 470 614 488 *a
622 463 661 481 Deo
669 468 771 487 praeceptus
779 469 795 482 et
804 466 897 483 mandatus
906 466 934 483 sit.

628 489 711 507 Secundo
725 490 849 513 amplectimur
857 497 927 514 quoque
935 494 1020 514 tanquam
1029 491 1074 508 scri-

576 518 639 537 pturae
654 514 767 538 propheticae
782 521 802 533 ac
816 516 922 539 apostolieae
937 516 1026 539 epitomen
1042 522 1073 534 seu

576 546 663 558 summam
670 541 750 564 symbola
759 541 802 562 tria,
813 544 833 559 ut
841 540 974 565 expendimus,
985 541 1073 559 Niccnum

576 569 593 583 ct
600 564 748 585 Athanasianum.

626 591 688 608 Tertio
693 592 817 615 amplectimur
825 592 867 610 item
877 596 953 616 quatuor
960 598 1024 615 magna
1029 599 1073 610 con-

575 616 625 637 cilia,
642 616 738 638 Nicenum,
753 616 980 640 constantinopolitanum,
996 617 1073 641 Ephesi-

575 647 619 659 num
629 645 646 659 et
654 640 808 663 chalcedonense,
822 646 839 660 et
847 643 891 663 alia,
904 647 991 666 quatenus
1000 644 1073 667 quidem

575 673 615 684 cum
625 666 643 684 S.
650 666 742 689 Scriptura
750 668 867 689 conveniunt,
881 672 898 686 ct
905 674 982 691 quorum
990 669 1072 691 dogmata

575 696 593 710 ct
601 692 670 709 decreta
676 693 768 715 scripturis
776 699 789 711 s.
797 693 900 711 confirmata
908 698 955 712 sunt.

626 717 695 739 Quarto
707 718 818 740 agnoscimus
832 719 926 741 scriptores
937 723 1004 737 veteres
1017 720 1072 737 eccle-

576 743 663 765 siasticos,
676 743 706 760 scd
718 747 805 766 quatenus
817 743 850 766 ipsi
861 750 878 761 sc
887 744 958 767 agnosci
971 749 988 762 et
996 745 1031 767 legi
1040 751 1072 762 vo-

576 769 624 789 lunt,
636 772 653 786 et
665 769 751 786 sententia
763 775 824 787 eorum
835 769 957 793 testimonium
967 769 1073 788 habetscri-

575 798 643 817 pturae.
656 793 702 811 Cum
711 794 765 816 igitur
772 798 839 812 certum
848 795 878 816 sit,
887 793 933 812 hanc
942 801 978 813 esse
983 795 1046 813 veteris
1054 800 1072 813 et

576 817 672 837 catholicae
681 818 789 837 orthodoxae
797 820 878 837 ccclesiae
886 819 953 838 Christi
961 826 1072 842 consensum,

577 844 641 862 iniuste
649 845 672 862 ab
680 845 785 862 adversariis
793 845 858 863 nostris
866 846 977 868 damnamur,
983 847 1031 869 quod
1040 847 1072 863 dc-

575 870 668 887 fecerimus
679 870 701 887 ab
711 869 789 888 Ecclesia
802 877 821 888 nc
833 871 937 889 damnemus
949 870 1071 889 Conciliorurn

575 895 644 913 decreta
660 899 677 913 et
692 896 849 913 ecclesiasticorum
864 896 970 919 scriptorum
983 898 1071 919 dogmata.
1092 910 1095 912 v

574 920 701 938 Existimamus
708 925 766 939 autem
772 934 777 941 ,
790 921 833 939 satis
840 927 876 939 esse
884 922 1008 945 perspicuum,
1022 923 1070 946 quod

575 946 597 963 ab
605 945 703 964 orthodoxa
711 949 728 964 et
736 953 777 964 vera
786 947 857 964 ecclesio
866 946 933 965 Christi
942 954 979 965 non
986 948 1071 965 discesse-

575 971 636 990 rimus.
662 970 716 993 Quod
724 972 746 989 ad
756 972 867 995 disciplinam
874 973 945 994 attinet,
958 979 985 990 res
997 973 1034 996 ipsa
1043 973 1071 990 lo-

574 997 645 1020 quitur,
662 997 678 1014 si
689 1003 729 1014 vere
742 997 840 1014 existimare
854 998 945 1020 volumus,
962 998 1015 1020 longe
1032 1004 1071 1015 eam

574 1028 611 1040 esse
628 1022 675 1045 apud
693 1028 725 1040 nos
742 1022 868 1044 auidiorem,
888 1029 941 1046 quam
955 1024 1008 1042 multi
1021 1024 1071 1041 voci-

573 1048 659 1065 ferentur.

625 1072 717 1090 Postremo
732 1073 816 1095 fatemur,
829 1075 920 1097 ,quaedam
933 1075 1026 1093 doctrinae
1040 1081 1070 1097 ge-

574 1104 617 1116 nera
627 1102 643 1116 et
655 1099 741 1122 quosdam
752 1099 817 1116 abusus
832 1103 849 1117 et
858 1100 904 1142 's
915 1104 1014 1123 pugnantes
1029 1106 1070 1117 curn

574 1124 661 1146 scriptura
673 1123 774 1146 prophetica
785 1128 802 1141 et
813 1128 863 1147 apost
890 1131 909 1143 ca
923 1129 940 1143 et
946 1132 1033 1143 consensu
1040 1132 1070 1143 ca-

574 1148 651 1166 thelicae
668 1149 749 1167 ecclesiae
761 1148 838 1170 Christi,
858 1149 973 1173 reprehensos
988 1157 998 1169 a
1012 1151 1070 1172 nobis,

574 1174 619 1191 sicut
627 1180 663 1192 non
673 1178 741 1192 tantum
746 1178 813 1192 veteres
819 1175 912 1198 scriptores
920 1177 949 1194 sed
959 1180 976 1194 et
983 1176 1070 1194 recentiu-

575 1205 612 1221 res,
623 1203 640 1217 et
649 1200 722 1223 quidam
733 1206 754 1217 ex
763 1200 869 1218 adversariis
876 1201 918 1224 ipsis
927 1202 1002 1224 ingenue
1012 1202 1069 1219 faten-

575 1229 613 1246 tur,
625 1225 691 1242 multos
703 1231 771 1242 errores
782 1225 872 1248 irrepsisse
883 1227 902 1244 in
911 1227 1007 1246 ecclesiam.
1033 1227 1069 1245 Sca

575 1250 724 1273 quemadmodum
735 1256 765 1272 ea,
778 1257 823 1274 quae
834 1257 874 1269 tum
885 1252 972 1275 scriptura
984 1257 1070 1276 pugnant,

575 1281 611 1293 non
626 1276 705 1298 agnoscit
719 1282 759 1294 vera
773 1276 845 1294 ecclesia
857 1276 954 1299 catholica,
970 1278 994 1296 ita
1006 1278 1069 1298 nostri,

574 1301 606 1324 qui
613 1301 636 1318 ad
642 1301 742 1319 docendum
750 1302 860 1324 evangelium
864 1301 931 1320 Christi
939 1304 996 1321 vocati
1002 1309 1069 1324 sumus,

574 1326 627 1343 officii
635 1326 679 1348 fuit,
691 1332 759 1344 errores
768 1326 897 1349 reprehendere
904 1331 921 1346 et
928 1328 1018 1347 damnare.

624 1350 676 1369 Hanc
692 1352 820 1370 confessionem
832 1356 850 1371 et
865 1354 1010 1375 protestationem
1026 1354 1069 1372 ohc-

573 1377 642 1395 dienter
650 1376 735 1400 petimus,
747 1381 767 1395 ut
775 1377 900 1397 Reverendiss.
908 1383 924 1397 ct
933 1385 1028 1402 generosae
1034 1380 1071 1398 Do-
